3258 4794
719 675 907 772 Vita.

341 890 443 954 Natus
461 913 529 953 sum
546 890 681 952 Ericus
699 890 774 954 Otto
791 889 936 955 Volker
951 891 1051 974 pridie
1068 891 1138 956 Kal.
1156 891 1246 957 Febr.
1263 917 1289 956 a.
1305 893 1335 958 h.
1351 916 1374 956 s.

251 995 339 1060 LXII
363 996 478 1061 Stetini
505 1001 594 1080 patre
618 998 763 1082 Augusto
787 994 975 1077 mercatore,
1004 1021 1096 1083 quem
1121 1003 1193 1062 aute
1216 1000 1274 1064 hos
1299 1001 1375 1064 duo-

252 1104 353 1168 decim
387 1126 484 1168 annos
517 1110 718 1186 praematura
750 1110 852 1169 morte
884 1107 963 1169 mihi
996 1110 1138 1188 ereptum
1171 1129 1238 1170 esse
1272 1108 1375 1192 lugeo,

252 1217 351 1276 matre
375 1213 509 1277 Paulina
534 1235 549 1276 e
573 1213 799 1296 gemellam,
827 1237 889 1296 qua
913 1215 1081 1297 superstite
1109 1216 1239 1297 gaudeo
1287 1213 1376 1278 Fidei

253 1319 393 1384 addictus
422 1343 491 1383 sum
520 1320 727 1405 evangelicae.
775 1319 872 1384 Urbis
905 1321 1025 1404 patriae
1053 1321 1186 1384 illustris
1219 1321 1376 1404 gymnasii

252 1427 371 1490 Mariae
388 1426 553 1509 disciplina
573 1449 630 1510 per
645 1449 759 1491 novem
777 1451 875 1492 annos
891 1451 967 1493 usus
984 1433 1135 1493 autumno
1152 1428 1225 1491 anni
1241 1427 1375 1492 LXXIX

251 1534 443 1598 maturitatis
460 1534 641 1598 testimonio
658 1535 838 1614 instructus,
854 1539 889 1598 ut
905 1535 1099 1620 philologiae
1115 1558 1243 1618 operam
1259 1537 1375 1614 darem,

247 1625 388 1724 ¹primum
410 1640 647 1704 universitatem
663 1641 899 1705 Berolinensem
922 1642 992 1707 adii.
1033 1642 1096 1706 Sex·
1118 1643 1277 1707 mensibus
1301 1649 1376 1725 post

252 1749 290 1812 ad
319 1749 435 1812 almam
461 1748 700 1812 Pommerauiae
732 1749 911 1813 litterarum
940 1750 1053 1813 sedem·
1074 1772 1123 1812 me
1152 1750 1285 1827 contuli„
1320 1750 1376 1813 ubi

251 1856 412 1919 biennium
436 1860 646 1919 commoratus
671 1878 749 1920 sum.
788 1855 870 1920 Tum
886 1856 1007 1920 Kiliam
1030 1857 1173 1940 migravi,
1199 1857 1286 1922 cuius
1304 1879 1374 1921 aca-

251 1963 370 2026 demiae
393 1984 450 2046 per
474 1964 612 2047 quinque
636 1963 799 2027 semestris
812 1945 899 2027 civis
922 1962 977 2028 fui.

275 2131 280 2138 .
340 2071 524 2135 Docuerunt
547 2094 597 2135 me
620 2071 680 2134 viri
696 2070 862 2134 clarissimi
879 2071 1054 2148 Kirchhoffi
1083 2070 1218 2149 Vahlen,
1242 2071 1376 2150 Curtius,

252 2178 402 2256 Paulseu,
432 2179 552 2243 Robert
575 2178 808 2254 Berolineuses;
836 2179 873 2241 dc
904 2178 1375 2257 Wilamowitu-Moellendorffi

252 2286 422 2369 Kiessliug,
439 2285 605 2364 Susemihl,
621 2285 769 2363 Preuuer,
794 2285 891 2350 Seeck
909 2285 1232 2370 Gryphiswaldenses3
1258 2287 1375 2351 Forch-

252 2394 402 2471 hammer,
426 2394 581 2472 Foerster‚
604 2395 678 2472 Leo,
701 2394 872 2471 Erdmanu,
896 2393 1020 2470 Mbller,
1044 2393 1269 2458 Klostermann
1295 2394 1375 2458 llili-

252 2523 348 2565 euses.
364 2541 408 2548 -
422 2502 471 2565 De
487 2501 725 2565 Wilamowitaii
741 2501 927 2586 Kiesslingii
943 2499 1203 2564 Forchhammcri
1218 2501 1376 2566 Foersteri

252 2609 474 2673 benevolentia
497 2609 575 2672 mihi
599 2608 740 2692 contigit,
764 2612 799 2672 ut
818 2609 976 2672 seminarii
991 2608 1070 2692 regii
1094 2609 1281 2694 philologici
1296 2609 1375 2693 Gry-

251 2716 489 2798 phiswaldensis
517 2737 574 2799 per
602 2739 656 2779 sex
686 2738 819 2792 menses,
848 2715 1000 2778 Kilieusis
1027 2737 1084 2799 per
1113 2739 1229 2778 annum
1259 2717 1376 2781 sodalis

252 2845 351 2886 essem
368 2823 551 2888 ordinarius.
591 2822 879 2886 Exercitationibus
901 2821 966 2885 suis
983 2825 1018 2886 ut
1033 2822 1217 2887 interessem
1241 2823 1376 2908 benigne

253 2933 472 2993 concesserunt
504 2928 708 3013 philologieis
736 2929 813 3006 Leo,
847 2928 1093 3014 archaeologicis
1124 2927 1277 3006 Preuner,
1310 2929 1374 3013 epi·

251 3036 411 3120 graphicis
436 3038 473 3100 de
497 3035 712 3100 Wilamowitz
736 3035 843 3114 Seeck,
866 3035 1094 3119 philosophicis
1119 3035 1286 3110 Susemihl.

342 3143 450 3206 Mense
466 3143 638 3207 Februario
662 3143 737 3207 anni
752 3142 900 3207 LXXXV
916 3143 1021 3206 Kiliae
1039 3165 1169 3206 examen
1193 3165 1250 3226 pro
1276 3144 1375 3210 facul-

251 3254 317 3314 tate
334 3250 464 3314 doceudi
488 3250 636 3327 sustinui;
660 3250 838 3334 insequenti
854 3259 934 3313 anno
951 3250 984 3312 in
1000 3250 1077 3314 urbe
1100 3250 1204 3332 patria
1220 3250 1377 3335 stipendia

252 3358 321 3421 feci.
366 3357 487 3421 Ibidem
510 3358 581 3421 inde
606 3382 624 3421 a
647 3379 718 3420 vere
743 3357 817 3421 anni
840 3357 1004 3422 LXXXVI
1033 3379 1089 3440 per
1112 3379 1225 3421 novem
1255 3381 1376 3423 meuses

254 3465 437 3529 candidatus
466 3465 649 3549 probandus
673 3465 732 3541 fui3
762 3465 801 3528 ab
825 3465 915 3528 initio
940 3487 1014 3528 vero
1043 3463 1136 3528 huius
1161 3465 1234 3527 anui
1259 3467 1375 3530 sodalis

253 3595 322 3636 sum
346 3573 504 3636 seminarii
531 3572 740 3657 paedagogici
768 3594 840 3636 cum
867 3571 1033 3656 gymnasio
1062 3571 1181 3636 Mariae
1205 3572 1375 3637 Stetinensi
1420 3599 1424 3616 ·

254 3679 422 3745 coniuncti.

342 3786 495 3851 Omnibus
520 3792 625 3851 autem
647 3787 736 3864 viris,
760 3808 894 3870 quorum
920 3785 1085 3870 disciplina
1108 3809 1183 3850 usus
1207 3809 1289 3865 sum,
1317 3787 1374 3850 im-

252 3893 362 3977 primis
385 3896 423 3958 de
447 3893 694 3959 Wilamowitzic
723 3895 858 3978 gratiam
882 3915 1004 3977 semper
1033 3894 1155 3958 habebo
1185 3916 1279 3978 quam
1309 3917 1375 3958 rua-

253 4023 378 4066 rumam.

657 4151 811 4156 ...---.-...
820 4149 973 4156 ...mm-

554 4431 632 4470 Druck
646 4440 692 4470 von
706 4431 779 4470 Herse
794 4430 810 4466 h
824 4430 912 4470 Becker
926 4431 950 4470 in
964 4431 1064 4482 Leipzig.
