3258 4794
778 256 998 312 ...32-

325 424 406 511 τιγς.’
428 427 535 504 ,Οοίᾶ
551 427 632 491 νεια
648 427 803 491 vocabulo
827 426 1133 511 σπουδογείοίων
1156 427 1364 512 significatius
1383 428 1449 492 Me·

324 533 415 617 nippi
438 533 545 617 Cynici
568 533 755 599 Gadarensis
784 534 927 618 exemplo
956 533 1165 618 docemur.⁸²).
1212 536 1261 598 De
1289 557 1351 618 quo
1378 535 1448 599 Ste-

325 641 448 722 phanus
475 641 647 725 Byzantius
670 663 694 706 s.
717 665 745 706 v.
769 641 898 726 Γάδαρα
923 691 929 704 .
956 691 962 704 .
990 691 996 704 .
1024 691 1030 704 .
1065 639 1214 706 ἐντεῦθεν
1240 640 1449 718 Μένιπποςὸ

325 747 624 832 οιιουδογείοῑος
647 771 686 812 ex
710 748 865 813 Strabone
885 747 974 833 (XVI
1000 751 1076 834 795)
1100 746 1134 813 ἐκ
1157 748 1191 814 δὲ
1214 750 1277 813 τῶν
1299 748 1450 834 Γαδάρων

328 853 507 941 Φιλόδημος
530 879 563 918 τε
588 853 605 920 ὁ
628 853 845 941 Ἐπικούρειος
868 852 1004 939 γεγονώς
1026 857 1080 919 καί
1104 857 1283 942 Μελέαγρος
1310 858 1363 920 καί
1389 861 1449 920 Me-

326 985 448 1038 νιπνιος
476 960 493 1027 ὁ
521 961 821 1046 οπουὸογελοῑος
847 963 914 1026 κτλ.
961 962 1055 1047 Diog.
1079 963 1181 1032 Laert.
1204 964 1264 1042 Vl,
1293 971 1333 1028 99
1360 968 1447 1048 Φέρει

324 1070 383 1150 μὲν
405 1060 460 1133 οὖν
483 1068 652 1133 σνιουόεῐον
674 1067 772 1134 οὐδέν.
824 1068 868 1134 Τὰ
892 1070 926 1134 δὲ
948 1070 1055 1154 βιβλία
1079 1069 1178 1134 αὐτοῦ
1202 1069 1326 1135 πολλοῦ
1353 1095 1449 1135 κανα-

329 1177 465 1260 γέλωιος
479 1180 568 1260 γέμει
584 1180 639 1240 καί
653 1201 683 1241 ιι
708 1171 774 1240 ἶσον
796 1189 863 1253 τοῖς
885 1177 1068 1263 Μελεάγρου
1091 1177 1149 1240 τοῦ
1173 1175 1242 1242 κατ’
1266 1175 1379 1242 ἀὐτὸν
1401 1201 1449 1261 γε-

326 1276 465 1364 νομένου.
786 1353 791 1358 ,

415 1389 500 1455 Satis
522 1396 598 1455 nota
621 1396 669 1454 est
689 1390 831 1474 Menippi
853 1391 965 1473 poesis,
990 1391 1044 1475 qui
1067 1413 1117 1456 res
1141 1390 1318 1467 σπουδαίας
1341 1392 1449 1476 impri-

323 1497 385 1562 mis
407 1498 644 1582 philosophicas
666 1497 836 1562 ridiculum
858 1497 893 1561 in
915 1499 1043 1562 modum
1067 1499 1233 1578 tractabat
1257 1521 1355 1584 quum
1379 1522 1449 1566 ora·

323 1607 442 1672 tionem
465 1627 591 1688 prosam
616 1609 647 1669 et
669 1627 776 1669 versus
799 1605 832 1668 in
855 1605 982 1689 scriptis
1001 1605 1155 1683 misceret,
1178 1610 1273 1690 atque
1296 1606 1449 1692 Diogenis

324 1712 469 1796 magistri
492 1712 671 1796 exemplum
694 1716 819 1777 secutus
842 1717 879 1776 ut
902 1713 1029 1796 cynicus
1052 1718 1221 1796 praecepta
1243 1713 1448 1798 philosopho-

324 1842 395 1884 rum
411 1821 451 1884 ad
466 1843 558 1884 usum
573 1820 657 1884 vitae
673 1821 828 1884 convertit
852 1825 884 1884 et
905 1821 987 1884 veris
1010 1819 1130 1885 addidit
1152 1820 1266 1884 iocosa.
1313 1819 1448 1888 Poeseos

322 1927 511 2011 Menippeae
535 1931 567 1990 et
589 1925 724 1990 formam
749 1931 781 1990 et
809 1929 996 2010 argumenta
1023 1925 1166 1990 imitatus
1196 1930 1243 1990 est
1265 1926 1308 1992 M.
1332 1927 1446 1992 Teren-

324 2033 388 2098 tius
418 2033 519 2096 Varro
551 2033 665 2097 saturis
694 2032 870 2116 Menippeis
903 2037 935 2097 et
961 2032 1131 2111 Luciacus,
1163 2055 1202 2096 ex
1234 2056 1297 2117 quo
1331 2033 1445 2118 optime

326 2140 427 2224 qualis
451 2141 547 2204 fuerit
570 2139 712 2224 Menippi
734 2141 848 2224 poesis,
871 2161 1060 2224 cognoscere
1083 2141 1166 2205 licet.

414 2247 525 2311 Talem
557 2247 670 2332 igitur,
703 2247 806 2330 qualis
835 2246 1002 2330 Menippus
1033 2247 1108 2323 fuit,
1141 2247 1289 2312 Blaesum
1323 2269 1448 2332 quoque

325 2355 510 2438 scriptorem
526 2354 632 2431 fuisse,
657 2353 759 2418 exeis
784 2376 864 2437 quae
888 2353 982 2418 attuli
1005 2354 1201 2438 argumentis
1225 2355 1448 2419 concludimus.

295 2451 297 2455 ¹
412 2460 525 2545 Neque
546 2461 641 2538 tituli,
666 2461 720 2545 qui
742 2465 877 2525 aetatem
901 2461 1053 2539 tulerunt,
1075 2482 1207 2543 poeseos
1231 2461 1336 2526 Blaesi
1358 2459 1449 2526 ‘Me-

325 2565 506 2633 sotribas’
523 2572 555 2633 et
569 2565 786 2634 ‘Saturnus'
805 2591 824 2631 a
846 2568 904 2632 tali
928 2569 1084 2632 scribendi
1105 2589 1220 2652 genere
1244 2568 1339 2632 alieni
1362 2573 1448 2644 sunt3

281 2663 285 2671 ⁵
326 2697 389 2739 non
412 2677 506 2740 modo
531 2676 649 2738 similes
673 2676 756 2758 apud
773 2674 957 2758 Menippum
978 2675 1182 2759 Meleagrum,
1197 2674 1372 2739 Varronem
1395 2697 1447 2739 ex-

323 2787 401 2859 tant,
425 2784 645 2846 verumetiam
662 2781 951 2865 tusianirrpdvog
969 2803 1033 2845 non
1056 2786 1162 2865 potest
1184 2804 1249 2846 non
1273 2783 1445 2866 comparari

324 2912 395 2954 cum
419 2890 524 2954 Blaesi
546 2887 752 2954 ‘Saturno'.

413 2995 644 3082 Pythagoricae
659 3018 734 3060 vero
750 2996 857 3080 potius
874 3018 968 3081 quam
986 2996 1120 3080 Cynicae
1135 2998 1355 3080 philosophiae
1376 3020 1447 3061 eum

324 3127 452 3186 operam
481 3105 600 3168 dedisse
628 3104 694 3167 veri
722 3103 824 3168 simile
852 3109 911 3181 est;
951 3127 1013 3188 qua
1041 3127 1078 3168 ex
1106 3126 1139 3167 re
1166 3105 1298 3168 fortasse
1327 3104 1447 3187 aliquid

323 3211 402 3274 lucis
431 3212 571 3276 adfertur
598 3210 677 3294 Lydi
705 3211 789 3277 loco:
825 3207 980 3273 Ῥίνθωνα
1008 3212 1061 3273 καὶ
1090 3215 1203 3295 Σκίραν
1231 3211 1284 3274 καὶ
1310 3211 1447 3274 Βλαῖσον

323 3315 465 3392 καὶτοὺς
489 3313 605 3392 ἄλλους
628 3317 691 3380 atis
708 3321 945 3403 Πυθαγορείων,
970 3317 1015 3381 ita
1038 3321 1074 3380 ut
1097 3317 1230 3381 fortasse
1254 3318 1350 3382 artius
1374 3339 1445 3381 con-

322 3423 499 3508 iungendus
527 3423 569 3486 sit
597 3424 729 3487 Blaesus
760 3447 831 3488 oum
859 3423 1082 3507 Pythagoreis,
1115 3423 1217 3487 Seiras
1245 3446 1318 3487 eum
1346 3424 1445 3488 Rhin-

321 3531 433 3608 thona
465 3531 547 3594 unde
575 3531 702 3593 tertiam
729 3531 810 3593 viam
844 3530 1056 3594 inveniremus
1090 3529 1267 3612 explicandi
1298 3531 1446 3595 vocabuli

324 3641 551 3723 Πυθαγορείων
580 3638 632 3723 (cf.
662 3661 756 3722 supra
778 3661 811 3722 p.
841 3644 860 3700 2
889 3642 957 3721 sp).
1014 3636 1100 3712 Quae
1132 3658 1203 3699 oum
1235 3637 1281 3700 ita
1312 3637 1375 3702 sint
1407 3638 1445 3700 ad

324 3745 470 3808 Blaesum
487 3744 593 3826 potius
610 3768 705 3829 quam
729 3745 767 3808 ad
785 3745 1001 3809 Bhinthonem
1023 3744 1187 3808 referenda
1210 3745 1356 3809 videntur
1379 3767 1445 3808 esse

395 3939 426 4009 ²³2)
446 3938 499 4002 Qui
522 3941 634 4008 praeter
657 3957 719 3992 eum
747 3939 850 3992 citatur
873 3957 890 3992 a
914 3938 994 4008 Diog.
1018 3938 1109 3994 Laert.
1134 3939 1183 4008 IX,
1216 3939 1246 3990 17
1270 3933 1444 4009 Ἡράκλειτος

322 4031 589 4096 οιιουδογελοῖος
601 4021 657 4081 ciui)
669 4028 838 4100 κιθαρῳδίας
850 4021 1046 4098 μεταβεβηκὼς
1059 4026 1097 4090 είς
1110 4022 1142 4081 τὸ
1162 4021 1240 4090 εἶδος,
1261 4027 1374 4096 ignotus
1394 4032 1442 4081 est.

322 4118 462 4186 Meleager
481 4134 589 4185 quoque
608 4117 774 4170 Gadarensis
793 4117 917 4185 aequalis
937 4116 1062 4186 Menippi
1086 4117 1235 4171 secundum
1253 4116 1331 4186 Diog.
1352 4115 1443 4171 Laert.

321 4206 394 4260 idem
412 4206 470 4259 fere
489 4223 575 4273 genus
595 4205 733 4259 scribendi
752 4207 904 4260 exercebat.
942 4205 1071 4259 Citantur
1089 4205 1147 4260 eius
1166 4201 1298 4276 Χάριτες,
1319 4207 1444 4260 Λεκίίίον

320 4297 367 4348 καί
386 4299 475 4362 φακῆς
494 4290 634 4362 σύγκρισις
653 4295 688 4348 ab
708 4294 851 4348 Athenaeo
870 4295 926 4364 (IV,
948 4295 1037 4362 157b)
1058 4291 1221 4361 Συμπόσιον
1240 4295 1285 4363 xi,
1306 4297 1358 4350 502
1370 4312 1392 4348 c,
