3258 4794
707 255 927 312 „13-

341 425 532 489 Rhinthonis
549 425 689 510 φλύακες
705 450 724 490 a
738 425 875 491 Nosside
891 428 1035 513 τραγικοὶ
1058 426 1214 492 dicuutur.
1261 425 1377 492 Secun-

251 534 324 596 dum
341 531 451 616 Steph.
468 531 541 615 Byz.
558 536 627 596 crat
642 530 683 596 τὰ
700 531 835 618 τραγικὰ
851 531 1122 620 μεταῤῥυθμίζωκ
1136 531 1169 610 ἐς
1185 530 1222 597 τὸ
1246 533 1377 616 γελοῖον.

251 639 303 703 Ab
319 638 491 704 Eustathio
507 639 616 723 φλύαξ
635 639 749 704 dieitur
771 637 1023 726 ὑποκοριστικῶς
1046 636 1089 716 ὡς
1111 637 1152 704 sci
1176 638 1311 726 τραγικὰ
1334 638 1380 716 εἰς

252 746 360 829 γέλοια
375 744 645 832 μεταῤῥυθμίζων
660 747 714 809 καὶ
733 745 859 825 παίζων
881 744 915 811 ἐκ
937 743 974 810 οὐ
998 757 1149 824 παικτοῖς
1171 744 1254 810 ἀλλὰ
1278 747 1379 833 φλυα-

171 862 174 870 “
252 853 314 939 ρῶν
341 849 496 938 ἄντικρυς.
549 853 663 918 Suidas
692 854 846 918 comicum
881 875 951 918 cum
985 855 1062 919 dicit
1094 855 1222 938 eiusque
1254 854 1379 920 fabulas

254 959 389 1024 comicas
412 960 559 1045 tragicas.

342 1066 449 1150 Atque
473 1089 571 1150 quum
594 1066 811 1131 Romanorum
836 1067 945 1131 fabula
967 1066 1183 1132 Rhintho'nica
1210 1068 1379 1133 hilarotra-

252 1171 397 1257 goediam
420 1172 615 1237 Rhinthonis
637 1171 795 1251 imitetur,
824 1173 920 1237 etiam
943 1195 1025 1257 quae
1048 1174 1087 1237 de
1111 1173 1168 1238 illa
1196 1175 1313 1240 scimus
1341 1177 1380 1239 ad

251 1280 334 1344 hanc
349 1280 512 1344 transferri
527 1283 669 1363 possunt.
716 1279 828 1363 ltaque
846 1281 931 1363 quod
950 1281 1120 1366 scriptores
1136 1282 1240 1346 Latini
1263 1282 1302 1346 de
1325 1283 1381 1346 illa
1442 1335 1446 1342 .

253 1387 401 1464 afferunt,
435 1385 530 1450 etiam
559 1386 679 1469 aliquid
707 1387 861 1451 momenti
889 1391 937 1451 est
964 1388 1004 1452 ad
1032 1389 1114 1452 hanc
1142 1388 1381 1453 diiudicandam.

252 1494 358 1578 Lydus
383 1496 414 1556 et
429 1493 623 1558 Rhinthonis
647 1493 746 1576 ipsius
769 1493 895 1559 fabulas
919 1495 1097 1560 comoedias
1120 1499 1213 1560 vocat
1237 1498 1268 1559 et
1290 1496 1381 1560 fabu-

252 1601 318 1663 lam
345 1598 595 1663 Rhinthonicam
622 1599 841 1664 Romanorum
868 1601 1050 1665 comoediae
1078 1601 1295 1666 Romanorum
1328 1602 1381 1666 ad-

255 1707 365 1771 scribit
379 1703 410 1792 (ἡ
424 1710 532 1787 μέντοι
549 1706 700 1790 κωμιιιιᾶία
715 1712 863 1799 τέμνεται
878 1706 923 1784 εἰς
938 1706 1023 1772 ἑπτὰ
1038 1707 1083 1785 εἰς
1098 1709 1283 1773 παλλιάταν
1294 1759 1381 1773 .....

255 1811 456 1898 Ῥινθωνικὴτ
478 1814 569 1899 κτλ).
617 1813 696 1878 Cum
713 1837 750 1879 eo
767 1818 875 1898 aperte
898 1815 975 1879 facit
990 1816 1145 1895 Donatus,
1169 1816 1223 1900 qui
1246 1817 1383 1901 speciem

257 1920 797 1987 comoediaeRhinthonicamdicat.
830 1922 863 2006 (l.
874 1922 916 2006 1.).
957 1922 1149 1999 Ceterorum,
1162 1945 1241 2007 quae
1252 1924 1383 2008 collegit

255 2026 544 2091 Sommerbrodtius
570 2027 826 2091 testimoniorum
852 2050 893 2092 ne
921 2051 1019 2092 unum
1053 2029 1178 2112 quidem
1206 2029 1281 2094 huic
1313 2052 1383 2094 sen-

256 2133 373 2198 tentiae
396 2138 567 2219 repugnat3
599 2155 673 2198 nam
697 2139 765 2199 tota
788 2136 991 2200 enumerandi
1014 2137 1105 2200 ratio.

258 2292 263 2304 .
289 2293 295 2306 .
320 2293 325 2306 .
351 2294 356 2306 .
381 2240 541 2320 Atellanas,
564 2242 688 2320 mimus,
711 2240 926 2307 Rhinthonica

258 2399 389 2412 .....
415 2347 589 2425 Atellanas,
613 2348 855 2426 Rhinthonicas,
878 2349 1082 2428 tabernarias,
1106 2351 1219 2414 mimos

258 2505 421 2520 ......
444 2454 634 2532 tabernaria,
656 2454 818 2533 Atellam,
840 2456 1066 2534 Rhinthonica
1089 2456 1215 2522 mimica

258 2561 361 2625 eidem
388 2561 497 2646 generi
524 2562 648 2646 poetico
678 2585 787 2626 omnes
816 2563 1037 2628 adscribendas
1071 2585 1138 2628 esse
1170 2565 1227 2628 has
1259 2564 1385 2629 fabulas

259 2668 384 2745 clamat,
408 2667 477 2732 dico
502 2669 630 2735 comico.

345 2773 458 2858 ltaque
487 2797 551 2838 non
578 2797 707 2859 possum
736 2776 812 2840 satis
840 2776 961 2854 mirari,
991 2778 1075 2860 quod
1099 2775 1385 2842 Sommerbrodtius

257 2881 383 2946 fabulas
406 2880 601 2946 Rhinthonis
624 2883 802 2948 comoedias
826 2883 923 2948 fuisse
946 2883 1123 2967 praefracte
1150 2887 1256 2968 negat.
1302 2882 1386 2948 Satis

258 2986 318 3051 erit
345 2985 610 3052 Sommerbrodtii
638 2989 829 3053 sententiam
856 2989 1049 3065 examinare,
1075 2989 1215 3053 refutare
1244 2990 1386 3074 ipsisque

259 3115 297 3158 ex
321 3093 517 3158 documentis
541 3116 622 3177 quae
646 3099 815 3178 supersunt
838 3095 915 3179 quid
940 3096 1011 3160 elici
1034 3096 1135 3179 possit
1158 3096 1326 3179 explicare.

347 3199 430 3264 'Pota
446 3200 709 3265 Sommerbrodtii
731 3203 769 3265 de
792 3202 852 3265 hac
875 3224 909 3266 re
932 3201 1164 3286 argumentatio
1188 3225 1287 3286 prava
1308 3203 1389 3267 mihi

259 3307 474 3372 videturesse.
520 3306 569 3371 Ac
587 3308 724 3391 primum
748 3308 876 3390 quidem
899 3309 929 3372 ei
951 3309 1005 3387 rei,
1029 3310 1113 3392 quod
1129 3307 1242 3373 Nossis
1266 3331 1387 3374 comos-

260 3413 327 3477 dias
342 3413 539 3478 Rhinthonis
555 3435 618 3478 non
635 3415 736 3492 affert,
759 3435 824 3479 non
841 3418 967 3479 tantum
989 3415 1192 3480 tribuendum
1217 3420 1265 3479 est
1289 3439 1387 3500 quan·

259 3520 409 3584 tumrult
419 3520 716 3587 Sommerbrodtius.
748 3521 955 3606 Epigramma
971 3524 1054 3587 enim
1069 3523 1223 3588 habemus
1238 3545 1303 3587 non
1319 3546 1388 3588 ora-

259 3627 392 3703 tionem3
415 3627 449 3689 in
459 3628 687 3712 epigrammate
697 3633 814 3707 autem,
830 3629 948 3714 quippe
958 3629 1047 3694 cuius
1063 3629 1111 3692 vis
1127 3629 1217 3692 sitin
1234 3629 1389 3694 brevitate

260 3733 377 3818 posita,
404 3755 470 3796 non
494 3734 600 3800 omnia
623 3735 797 3798 afferuntur
820 3736 875 3799 scd
899 3758 936 3799 ea
960 3757 1041 3818 quae
1068 3757 1134 3798 rem
1163 3734 1265 3818 ipsam
1293 3756 1389 3817 quam

260 3839 399 3903 maxime
422 3844 566 3924 tangant.
1337 3924 1341 3929 .

348 3945 471 4011 Deinde
495 3947 528 4012 id
556 3947 715 4031 vitupero,
745 3949 830 4032 quod
854 3948 1141 4013 Sommerbrodtius
1170 3969 1298 4012 causam
1326 3970 1390 4012 non

261 4053 362 4132 affert,
386 4077 442 4119 cur
457 4055 577 4120 nullius
594 4077 661 4120 esse
685 4055 840 4120 momenti
864 4056 893 4119 ei
917 4057 1065 4134 videatur,
1090 4056 1174 4139 quod
1190 4056 1296 4139 Lydus
1319 4056 1389 4120 dra-

261 4166 347 4226 mata
362 4162 558 4228 Rhinthoms
575 4163 752 4229 comoedias
777 4164 927 4247 appellat
951 4186 1050 4248 quum
1072 4165 1139 4248 ipse
1162 4188 1191 4247 p.
1209 4171 1250 4228 44
1268 4164 1391 4247 Lydum

261 4272 376 4332 testem
407 4271 630 4354 gravissimum
663 4270 754 4335 dicat.
800 4270 914 4354 Neque
945 4271 1036 4335 video
1069 4292 1125 4335 cur
1155 4270 1270 4336 Suidae
1302 4273 1415 4336 testi·¹
