3258 4794
702 286 924 342 -33-

219 439 221 446 ,
251 481 303 535 ea,
332 481 412 542 quae
440 457 545 541 Lydus
572 456 682 535 tradit,
711 480 729 521 a
756 455 954 544 Rhinthone,
982 454 1017 532 ὃς
1043 455 1227 542 ἑξαμέτροις
1254 455 1377 544 ἔγραψε

250 565 379 651 νιριῦιος
394 563 572 649 κωμῳδίαν,
602 563 758 630 Lucilium
781 564 907 628 initium
930 563 1063 648 cepisse·
1078 585 1209 647 poeseos
1231 564 1377 630 satiricae

249 670 297 756 (ἐξ
325 662 361 735 οὗ
390 672 518 758 πρῶτος
550 668 656 755 λαβὼν
687 667 746 747 τὰς
778 667 930 756 ἀφορμὰς
962 671 1131 746 ,λοοκίλιος
1164 667 1181 734 ὁ
1213 667 1377 754 Ῥωμαῖος

252 776 393 864 ἡρωικοῖς
415 777 524 843 ἔντεσιν
546 777 754 864 amputetur).
793 777 900 842 Verba
917 782 1023 842 autem
1037 774 1223 864 “κωμῳδίον
1237 775 1376 864 ἕγραψε’

249 885 383 950 fortasse
405 886 488 951 nihil
503 886 590 951 aliud
610 885 793 970 significant
809 879 905 968 quam
921 877 1055 968 sequens
1070 881 1266 970 ἕκωμῳόηοε,
1292 887 1377 969 quod

249 993 395 1057 vocabuli
418 991 546 1072 παίζειν
568 993 665 1057 habet
688 989 1005 1077 significationem.⁸³)
1031 987 1034 990 ’

261 1105 263 1113 ’
339 1116 400 1182 Sed
417 1117 599 1200 omittamus
614 1118 697 1181 hanc
719 1116 873 1180 lubricam
894 1115 1067 1181 coniciendi
1082 1117 1176 1196 viam,
1200 1117 1278 1182 certi
1294 1118 1377 1182 enim

248 1224 329 1289 nihil
358 1226 396 1290 de
423 1221 484 1290 hac
511 1246 545 1305 re
572 1228 677 1308 potest
700 1222 850 1288 affirmari
872 1222 934 1304 pisi
957 1217 1042 1306 quod
1069 1223 1103 1286 in
1131 1221 1315 1298 universum
1338 1225 1377 1290 de

250 1331 355 1396 Blaesi
378 1331 535 1396 scribendi
558 1353 674 1416 genere
697 1329 881 1395 iudicamus.

337 1458 385 1520 De
410 1457 497 1521 Scire
520 1478 594 1519 vero
618 1455 700 1520 nihil
723 1455 898 1519 accuratius
926 1453 1078 1518 traditum
1102 1459 1163 1536 est,
1191 1456 1252 1521 nisi
1280 1455 1376 1522 fuisse

249 1587 321 1627 eum
344 1563 472 1627 Italicae
500 1562 680 1627 comoediae
703 1566 837 1646 poetam.
878 1560 1026 1626 Aetatem
1054 1563 1197 1626 tulerunt
1219 1564 1283 1628 duo
1306 1586 1376 1627 ver·
1456 1633 1458 1638 ,

249 1692 302 1734 sus
339 1669 493 1753 Meleagri
530 1670 596 1733 eius
635 1691 673 1733 ex
710 1668 874 1752 Euripidei
908 1663 1078 1753 Hippolyti
1116 1689 1143 1734 v.
1181 1693 1209 1736 v.
1244 1677 1300 1751 74,
1335 1677 1374 1734 75

250 1776 374 1841 detorti.

340 1900 455 1965 Athen.
481 1908 559 1978 402,
585 1907 618 1964 6:
647 1905 761 1986 Σκίροις
789 1897 846 1982 (εἷς
874 1898 906 1964 (l'
930 1897 1012 1966 ἐοιὶν
1035 1891 1128 1976 οὗτος
1142 1901 1207 1986 ’τῆς
1234 1899 1376 1987 ἰταλικῆς

250 2007 442 2092 καλουμένης
465 2005 633 2091 κωμῳδίας
656 2005 791 2094 ποιητὴς
813 2012 902 2090 γένος
929 2009 1128 2093 Ταραντῖνος)
1154 2006 1186 2072 ἒν
1202 2009 1375 2095 Μελεάγρῳ

250 2114 342 2197 ῳνμνλν

432 2236 507 2302 ἕνθ’
532 2236 603 2302 οὔτε
627 2237 749 2324 ποιμὴν
773 2237 859 2319 ἄξιοὶ
882 2243 1008 2325 ῳέρβιιν
1029 2238 1110 2323 βοτὰ

431 2341 502 2410 οὔτ’
519 2343 695 2432 ἀσχέδωρος
711 2347 881 2429 νεμόμενος
901 2345 1159 2433 κανιριῳίζειαι.34)

248 2490 336 2563 Quae
360 2488 460 2551 eidem
485 2488 591 2552 Scirae
615 2488 837 2553 adscribuntur
858 2488 921 2552 tria
942 2487 1122 2572 fragmenta
1146 2490 1205 2553 sub
1228 2490 1376 2554 lemmate

249 2593 400 2679 Σκληρίας
423 2618 442 2660 a
465 2594 601 2659 Stobaeo
629 2595 662 2659 in
691 2595 863 2680 Florilegio
891 2599 1028 2673 servata,
1057 2619 1133 2660 num
1161 2596 1229 2660 iure
1258 2597 1375 2660 adscri-

248 2699 372 2778 bantur,
396 2700 474 2765 mihi
497 2723 689 2786 magnopere
712 2702 844 2766 dubium
866 2702 1001 2766 videtur.
1048 2701 1130 2767 Sunt
1152 2707 1258 2767 autem
1283 2705 1374 2786 haec:

248 2805 335 2872 Stob.
360 2806 469 2874 Floril.
492 2807 532 2886 ΙΙ,
557 2815 575 2871 9
601 2810 752 2895 Σκληρίοο

433 2948 564 3011 ίίολλιῦν
584 2948 643 3030 μὲν
665 2949 793 3034 &aaaron
818 2947 834 3034 ἡ
858 2949 916 3031 μὲν
940 2947 1019 3032 ὄψις
1041 2947 1168 3036 εὐγενὴς

432 3050 448 3115 ὃ
472 3053 543 3130 νοῦς
566 3052 600 3117 ‹l'
623 3051 656 3118 ἐν
679 3052 761 3139 αὐτῇ
784 3054 932 3142 διογενὴς
954 3054 1138 3143 εὑρίσκεται.

247 3195 321 3258 ibid.
345 3192 461 3273 XVIII,
486 3204 503 3258 2
530 3197 680 3280 Σκληρίοο
726 3214 729 3219 ’

429 3335 483 3413 Ὣς
507 3335 563 3401 οὐκ
587 3335 730 3414 ἀνεκτὸς,
756 3336 841 3415 ὅστις
864 3335 883 3425 ἢ
907 3340 1062 3426 νιιέροινος
1085 3338 1129 3404 ὢν

432 3441 449 3530 ἢ
472 3447 525 3509 καὶ
548 3443 710 3530 μεμηνώς,
734 3445 779 3522 εἰς
801 3446 859 3528 μὲν
882 3445 982 3511 αὑτὸν
1002 3443 1151 3535 οἷσφαλὴς

429 3550 480 3616 clei
502 3550 583 3616 ποκ’
606 3551 703 3628 torta,
733 3552 777 3630 εἰς
800 3553 834 3618 ‹lt-
857 3555 931 3630 τοὺς
954 3555 1056 3631 πέλας
1080 3567 1170 3619 νοσεῖ.

339 3819 370 3887 ³³)
384 3816 494 3872 Eodem
507 3836 587 3872 sensu
599 3819 747 3874 adhibetur
758 3822 904 3892 κωμῳδεῖν
916 3821 990 3888 apud
999 3820 1153 3875 Lucianum
1165 3815 1263 3884 Ἁλιεύς
1276 3823 1318 3892 26,
1330 3823 1373 3879 37.

247 3910 294 3970 Δίς
311 3925 408 3976 κατηγ.
427 3907 470 3963 33.

337 4014 368 4082 ³²)
386 4013 533 4085 Hippolyti
551 4014 695 4085 Euripidei
714 4033 809 4070 versus
828 4018 894 4070 sunt
911 4015 941 4069 hi

496 4116 560 4176 ἔνθ’
580 4115 644 4176 οὔτε
663 4117 765 4193 ποιμὴν
784 4116 859 4188 ἀξιοῖ
875 4122 989 4194 φέρβειν
1006 4118 1078 4194 βοτὰ

496 4204 558 4265 οὔτ’
578 4200 646 4281 ἦλθέ
664 4229 709 4266 κω
729 4213 845 4284 σίδηρος,
865 4205 928 4265 ἀλλ’
947 4205 1087 4283 ἀκήρατον
1099 4217 1157 4268 κτλ.

247 4316 408 4385 Composuit
426 4335 472 4373 eos
491 4336 554 4374 enm
574 4319 666 4375 Scirae
686 4319 935 4375 Sommerbrodtius
957 4339 984 4390 p.
1003 4322 1046 4374 55.

303 4409 444 4449 Rhinthonis
459 4409 594 4459 fragmenta.
1141 4410 1158 4463 3
