3258 4794
699 289 739 296 -
789 257 806 313 g
857 290 896 298 ..

235 424 365 510 αἰθάλῳ
398 427 457 490 hoc
490 427 593 492 elucet
624 428 680 492 uni
713 427 842 496 alterive
875 449 996 506 eorum,
1033 427 1089 513 qui
1125 430 1283 508 adessent,
1321 431 1374 495 ex'

234 538 375 618 tempore
397 555 449 598 eos
472 534 615 613 irrisisse,
639 535 729 599 chori
752 539 857 600 autem
882 535 992 600 ducem
1015 537 1048 600 in
1064 536 1184 601 Bacchi
1206 538 1360 602 honorem

234 640 367 704 saltasse
381 641 462 705 facie
478 641 593 706 fucata.
638 639 766 706 Vestitu
784 641 964 724 paullulum
984 642 1099 707 diversi
1122 647 1212 708 erant
1234 644 1359 728 phallo-

233 747 328 831 phori
344 748 383 811 ab
406 748 607 832 ithyphallis3
641 749 674 813 hi
698 749 781 812 enim
805 748 930 814 chitone
953 749 1111 814 manicato
1136 747 1306 816 utebantur
1329 756 1361 816 et

234 855 318 918 stola
334 854 514 931 Tarentina,
538 855 587 919 illi
603 852 743 931 αύνακας
757 855 808 919 vel
823 856 931 940 potius
950 855 1156 941 navvcncgffl)
1178 857 1360 935 induebant,

234 961 269 1024 hi
292 971 482 1046 προσωπεῖα
505 962 683 1045 gestabant,
706 961 908 1027 abstinebant
929 962 987 1027 illi.

325 1067 373 1130 De
397 1067 548 1151 sophistis
571 1069 705 1152 denique
729 1072 761 1132 et
784 1069 954 1138 ethelontis
982 1069 1063 1133 nihil
1090 1070 1259 1134 memoriae
1287 1091 1360 1153 pro-

233 1174 336 1238 ditum
360 1179 416 1239 est.

324 1281 502 1362 DioclistaS,
526 1283 757 1361 autocabdalos,
779 1283 984 1367 ithyphallos,
1007 1284 1245 1369 phallophoros,
1267 1286 1361 1369 phly-

163 1418 166 1424 ·
237 1411 307 1454 aces
323 1390 378 1453 uni
399 1389 561 1474 eidemque
579 1390 688 1474 generi
710 1390 867 1454 artificum
891 1391 1112 1456 adscribendos
1136 1413 1203 1456 esse
1219 1391 1363 1458 Sosibius

238 1497 331 1560 docet
353 1496 374 1562 l.
397 1497 418 1562 l.
463 1495 575 1580 ltaque
599 1498 683 1580 quod
706 1497 866 1575 dioclistis,
890 1499 1119 1576 autocabdalis,
1141 1497 1362 1583 phallophoris

236 1625 402 1667 commune
425 1608 485 1681 est,
515 1603 610 1668 etiam
633 1605 671 1668 de
694 1605 884 1688 phlyacibus
908 1609 1047 1670 statuere
1074 1607 1149 1670 licet
1175 1607 1209 1670 in
1236 1606 1360 1671 univer-

236 1733 314 1775 sum.
362 1709 448 1786 Quae
471 1697 569 1795 quum
593 1713 696 1776 animo
722 1711 1029 1796 comprehendimus,
1056 1714 1207 1797 phlyaces
1236 1735 1362 1798 quoque

236 1819 426 1902 mimologos
443 1819 549 1897 filisse,
572 1819 628 1902 qui
650 1816 769 1882 εὐτελεῖ
784 1818 825 1904 τῇ
846 1819 929 1900 λέξει
951 1820 971 1884 i.
988 1842 1013 1886 e.
1036 1821 1150 1885 humili
1172 1821 1362 1906 vulgarique

237 1946 381 1990 sermone
404 1910 597 2007 spectatores
622 1947 660 1990 ex
682 1923 824 2010 tempore
851 1925 1037 2004 irridebant,
1065 1930 1113 1991 est
1141 1929 1227 2011 quod
1254 1928 1361 1992 creda-

238 2055 316 2096 mus.
361 2032 411 2096 Ex
438 2037 581 2116 tempore
613 2032 763 2115 phlyaoes
797 2054 923 2117 quoque
956 2033 1058 2118 egisse
1090 2056 1154 2098 non
1186 2035 1290 2098 solum
1323 2057 1362 2098 ex

361 2171 428 2178 ...η-η
437 2172 448 2175 ,-

238 2242 362 2318 Διονύσῳ
374 2249 433 2298 κτλ.
448 2262 566 2314 quocum
578 2245 702 2300 conferas
715 2244 882 2314 Hesychium
895 2264 915 2300 s.
929 2263 954 2300 v.
969 2239 1099 2317 tbcpssoe·
1118 2243 1291 2316 γελοιαστὴς·
1315 2250 1362 2301 καὶ

238 2329 272 2390 τὸ
285 2338 411 2402 σκῶμμα.
439 2327 491 2388 ciui
508 2337 565 2387 τῶν
577 2329 713 2404 ladasca,
733 2321 813 2387 άτινα
825 2321 1012 2404 ποιήματαῆν
1030 2329 1076 2388 ἐπὶ
1094 2332 1178 2404 χλεύῃ
1196 2337 1243 2389 καί
1261 2334 1361 2404 γέλωτι
1470 2377 1479 2396 ,,

239 2424 411 2492 συγκείμενα,
443 2423 500 2492 (καὶ
518 2416 575 2496 α’δὴ
592 2415 686 2494 μακρά
704 2425 751 2476 καὶ
769 2415 938 2494 ύπόσκαιος.)
973 2423 1118 2492 Ithymbus
1141 2423 1228 2493 igitur
1250 2427 1362 2479 nostrae

217 2538 220 2544 ·
239 2513 294 2570 arti
312 2513 402 2568 simile
422 2511 528 2582 aliquid
545 2510 630 2568 fuisse
649 2511 766 2582 videtur,
786 2513 891 2581 ποίημα
910 2509 956 2566 ἐπὶ
973 2509 1058 2582 χλεύῃ
1077 2513 1269 2581 συγκείμενον,
1289 2513 1363 2583 quod

238 2621 325 2674 prope
344 2602 451 2658 accedit
470 2602 506 2656 ad
524 2619 566 2668 ca,
589 2619 659 2670 quae
678 2602 712 2657 de
730 2601 895 2671 phlyacibus
913 2601 1018 2655 tradita
1035 2601 1131 2671 paullo
1149 2605 1213 2671 post
1231 2602 1363 2657 tractabi-

237 2711 306 2746 mus.
343 2691 458 2746 Accedit
482 2691 556 2760 quod
577 2690 720 2758 ithymbus
743 2689 856 2745 saltatio
875 2690 1012 2745 Bacchica
1035 2692 1108 2761 erat,
1132 2694 1217 2760 atque
1240 2693 1276 2747 ab
1300 2708 1362 2747 eam

237 2799 296 2836 rem
312 2781 384 2836 bene
403 2781 440 2834 ad
457 2779 656 2850 phallopboros
674 2778 816 2854 conyenit;
844 2779 941 2848 itaque
958 2796 1015 2834 nou
1034 2779 1131 2834 dubito
1150 2777 1304 2852 ίύυμβίζων
1322 2780 1362 2834 in·

238 2888 328 2926 serere
351 2871 463 2940 (exeunt
485 2870 572 2924 verba
594 2867 716 2924 saltandi
738 2869 902 2938 plerumque
925 2869 955 2923 in
975 2901 1008 2909 -
1032 2869 1101 2940 ίζω).
1138 2869 1278 2926 Habemus
1302 2874 1363 2925 tum

238 2959 417 3015 saltationem
439 2957 618 3028 Bacchicam,
643 2976 729 3027 quam
747 2957 824 3013 chori
847 2959 902 3012 dux
925 2958 1084 3028 exequitur;
1113 2976 1147 3014 ex
1169 2959 1223 3015 hoc
1244 2977 1274 3014 re
1296 2977 1364 3014 vera

238 3047 465 3118 aliquidproprii,
476 3065 530 3116 quo
538 3065 554 3101 a
561 3047 659 3102 ceteris
664 3046 855 3117 phallopboris
861 3047 1007 3118 discrepat.
1045 3047 1165 3102 Mutatio
1176 3051 1219 3103 est
1227 3047 1364 3105 facillima

684 3153 918 3208 reyramnus

683 3243 918 3298 ΙΘΥΜΒΙΖΩΝ
995 3283 997 3286 -

237 3369 292 3406 una
310 3350 394 3406 litera
412 3354 454 3405 est
472 3354 640 3420 permutata.

310 3441 341 3512 ¹⁹)
361 3440 420 3494 sine
440 3429 524 3495 dubio
543 3437 684 3504 καυνάκας
701 3441 852 3511 legendum
870 3443 920 3496 est.

308 3529 377 3585 Poll.
398 3531 426 3595 7,
450 3530 484 3584 59
504 3517 520 3598 ἦ
538 3545 593 3584 που
617 3527 648 3582 δὲ
670 3531 718 3582 καί
740 3526 880 3598 καυνάκης
898 3530 1022 3600 Περσῶν,
1047 3526 1078 3583 ἐν
1100 3523 1154 3601 γάρ
1178 3537 1235 3594 τοῖς
1255 3531 1365 3599 Σφηξίν

236 3623 272 3688 (v.
293 3620 372 3690 1137)
392 3613 586 3691 Ἀριστοφάνης
604 3616 679 3687 λέγει
1243 3630 1244 3634 ’

480 3722 506 3779 ού
524 3724 576 3793 μὲν
594 3727 709 3778 καλοῦσι
727 3718 852 3796 Περσίδ’,
873 3722 899 3779 οἳ
918 3725 948 3780 δὲ
966 3722 1120 3794 καυνάκην·

236 3852 269 3888 cx
287 3834 378 3889 verbis
397 3851 468 3903 quae
487 3833 657 3888 antecedunt
675 3850 801 3902 quaeque
820 3835 972 3902 sequuntur
989 3829 1132 3902 καυνάκην
1150 3825 1235 3888 baisse
1258 3835 1364 3902 stragu-

234 3939 294 3991 lum
315 3924 457 3993 quoddam
480 3921 610 3977 villosum
634 3939 667 3976 ex
689 3923 756 3977 lana
777 3924 886 3977 textum
909 3923 975 3992 (non
999 3939 1033 3977 ex
1056 3921 1130 3976 corio
1154 3921 1311 3976 confectum
1333 3923 1364 3974 ut

237 4011 487 4067 Sommerbrodtius
505 4011 597 4082 putat)
618 4011 693 4080 quod
711 4007 743 4065 ἐν
761 4004 970 4083 Ἑκβατάνοισιν
992 4003 1149 4080 ὑφαίνεται,
1174 4011 1273 4066 elucet.
1301 4012 1364 4066 tota

236 4101 386 4171 descriptio
408 4101 461 4156 hoc
484 4101 618 4172 postulat.
650 4088 683 4157 cl.
703 4100 773 4156 Poll.
798 4103 827 4167 6,
858 4101 899 4155 11.
930 4101 976 4167 10,
998 4101 1057 4156 123.
1093 4101 1185 4170 Atque
1214 4099 1363 4170 sententia,

235 4207 319 4260 quam
331 4189 436 4260 protuli
448 4191 626 4246 confirmatur
637 4190 731 4259 glossa
743 4190 865 4259 quadam
877 4189 1008 4258 Hesychii
1027 4207 1048 4244 s.
1059 4208 1085 4246 v.
1103 4187 1253 4244 καννάκαι·
1279 4186 1365 4261 στρώ-

234 4297 317 4348 ματα,
337 4273 354 4349 ἢ
372 4276 518 4351 ἐπιβύλαια
537 4275 714 4350 ἑτερομαλλῆ.
755 4273 761 4286 ’
