3258 4794
252 457 319 522 duit
339 456 633 540 hilarotragoediae.
680 455 745 520 Suc
765 457 837 540 jure
860 458 958 542 igitur
982 460 1064 542 apud
1089 457 1217 524 Suidam
1241 457 1379 544 ἀρχηγὸς
1435 486 1438 493 ·

252 564 309 648 τῆς
324 562 594 649 ἱλαροτραγῳόἰας
615 560 632 626 ὅ
652 561 717 626 don
738 563 986 649 φλυακογραφία
1006 567 1102 647 poeta
1125 569 1233 629 noster
1256 565 1378 642 diciturA

253 670 360 754 Atque
384 670 494 734 eodem
516 669 673 753 pertinere
697 670 842 733 videntur
865 692 946 753 quae
970 669 1156 734 Laurentius
1179 669 1316 754 lydusl
1336 678 1377 735 40

254 777 353 854 affert,
377 799 475 860 quum
491 777 570 840 alios
586 777 636 860 (de
656 776 771 860 quibus
794 781 905 860 postea
928 776 1172 861 disputabimus)
1195 781 1263 841 tum
1279 777 1379 842 Rhin-

252 884 439 948 1110000110
462 883 581 968 Magna
602 883 734 949 Graecia
757 881 793 946 od·
817 885 938 969 μικρῶν
960 883 1166 967 ὄιόαγμάτων
1189 885 1301 949 ducem
1327 908 1379 949 ex·

251 990 366 1069 titisse,
394 1012 466 1054 eum
491 990 544 1074 qui
572 991 692 1073 primus
722 991 943 1076 [hexametris]
973 990 1167 1055 comoediam
1197 990 1381 1074 scripsisset.

253 1096 354 1172 Quem
369 1085 531 1163 Romanos
546 1098 686 1162 imitatos
704 1121 770 1162 esse
794 1095 843 1182 (ἐξ
857 1089 895 1161 cd
919 1097 1047 1183 πρῶτος
1070 1086 1176 1180 λαβὼν
1199 1079 1258 1174 acis
1282 1096 1381 1185 ἄφορ-

252 1201 317 1284 redu
333 1205 499 1280 Λουκίλιος
516 1202 533 1269 ὁ
548 1203 702 1287 Ῥωμαῑο1,1
723 1203 867 1290 ἡρωϊκοῑς
890 1203 999 1268 ἔπεσιν
1022 1202 1247 1291 ἐκωμῴδησεν).
1293 1205 1379 1271 Nam

252 1311 405 1375 vocabulo
429 1310 570 1394 δίδαγμα
591 1313 701 1376 eodem
725 1334 817 1376 sensu
840 1312 966 1376 videtur
989 1334 1063 1375 usus
1088 1334 1155 1376 esse
1178 1311 1293 1396 Lydus,
1317 1334 1378 1397 quo

252 1417 440 1481 vocabulum
464 1415 663 1502 ‘disciplina'
688 1422 859 1502 usurpatur
882 1441 900 1482 a
923 1418 1084 1482 Romanis.

339 1522 452 1608 ltaque
480 1525 514 1587 in
543 1545 579 1589 eo
610 1523 785 1588 consentire
815 1524 961 1594 videntur
989 1524 1093 1607 Lydus
1127 1529 1158 1588 et
1187 1525 1312 1601 Suidas,
1345 1533 1380 1590 ut

250 1631 375 1713 generis
404 1631 567 1694 cuiusdam
595 1631 772 1694 litterarum
801 1633 911 1696 ducem
946 1655 1017 1695 eum
1043 1631 1139 1695 fuisse
1166 1633 1378 1717 testentur.¹‘¹)

250 1737 357 1820 Atque
381 1738 442 1802 hoc
465 1738 561 1802 modo
584 1737 735 1802 facillime
764 1738 935 1803 difficultas
963 1739 1020 1802 illa
1048 1738 1195 1816 solvitur,
1224 1761 1318 1822 quam
1348 1741 1381 1803 in

252 1843 436 1926 explicando
460 1844 558 1907 verbo
586 1840 725 1928 ἀρχηγὸς
752 1844 808 1928 τῆς
835 1843 1105 1928 ἱλαροτραμμόίας
1133 1849 1165 1908 01
1194 1842 1231 1907 od
1259 1846 1381 1931 μικρῶν

251 1950 456 2034 διόαμμάτων
483 1951 673 2036 καθηγητάς
701 1951 960 2015 animadvertisse
983 1952 1044 2014 sibi
1072 1951 1196 2016 videtur
1220 1952 1378 2017 Summer-

250 2057 394 2122 brodtius
417 2081 446 2141 p.
473 2063 524 2122 51.

339 2165 492 2230 Poemata
514 2165 707 2230 Rhinthunis
731 2166 881 2249 δράματα
906 2166 1052 2230 dicuntur
1076 2189 1094 2228 a
1118 2165 1225 2249 Steph.
1251 2167 1324 2250 Byz.
1350 2173 1380 2232 et

252 2271 346 2336 Suida
370 2273 389 2338 l.
406 2273 427 2336 l.
444 2273 497 2357 (cf.
523 2273 629 2338 adn2
655 2278 687 2336 et
704 2297 739 2358 p.
765 2279 793 2336 2.
818 2273 1042 2356 disputationis
1066 2275 1213 2357 nostrae).
1260 2273 1379 2356 Recep-

250 2382 318 2441 tum
346 2400 413 2443 esse
441 2381 502 2444 hoc
531 2401 631 2464 genus
661 2403 679 2442 a
703 2379 853 2443 Romanis
882 2401 981 2462 quum
1004 2379 1083 2462 Lydi
1110 2383 1179 2443 tum
1206 2380 1377 2444 multorum

251 2485 386 2549 aliorum
419 2487 610 2570 scriptorum
643 2487 845 2550 confirmatur
881 2486 1071 2549 testimoniis
1108 2507 1188 2569 quae
1222 2485 1378 2550 Summer-

250 2591 394 2656 brodtius
416 2615 446 2675 p.
472 2600 511 2656 45
537 2593 716 2677 composuit
740 2615 841 2677 neque
865 2615 922 2656 nos
946 2593 1007 2655 hoc
1031 2593 1101 2655 1000
1127 2593 1378 2674 praetermittere

250 2719 426 2780 possumus.

338 2805 444 2870 11001.
468 2806 552 2890 Lyd.
577 2805 620 2870 de
643 2827 735 2890 mag.
760 2805 784 2884 I,
809 2814 849 2870 40

338 2910 377 2976 Ἡ
397 2917 505 2994 μέντοι
529 2911 710 2998 κωμῳδία
734 2919 881 2995 τέμνεται
909 2915 953 2990 εἰς
981 2912 1081 2988 ἑπτὰ,
1110 2912 1155 2988 εἰς
1183 2913 1377 2983 malluricus,

251 3017 603 3107 1·ομιί1ῑαν,Ἀτελλάνην,
615 3026 831 3108 repensantur,
846 3019 1016 3085 Ῥινθωνι
1024 3021 1066 3106 κὴ
1074 3045 1104 3095 ν,
1123 3019 1380 3105 alaemanniae

252 3129 305 3191 1011
328 3129 475 3213 μιμικήν.
510 3131 564 3192 καὶ
587 3126 772 3214 Ῥινθωνικὴ
796 3127 815 3213 ἡ
839 3128 982 3214 ἐξωτική.

337 3237 472 3300 Donat.
496 3238 541 3300 ad
564 3237 644 3300 Ter.
669 3235 827 3320 Adelph.
851 3237 950 3302 Prol.
974 3261 1001 3300 v.
1029 3244 1055 3303 7.

251 3343 295 3407 sic
319 3343 403 3426 apud
427 3342 564 3409 Graecos
587 3343 695 3430 δρᾶμα
719 3345 764 3408 sic
788 3344 872 3427 apud
895 3344 1023 3408 Latinos
1051 3346 1243 3428 generaliter
1271 3345 1379 3409 fabula

251 3449 373 3527 dicitur,
397 3451 485 3515 cuius
509 3452 627 3533 species
652 3456 726 3516 sunt
749 3451 920 3536 tragoedia
945 3452 1104 3516 comoedia
1127 3458 1252 3538 togata,
1275 3452 1379 3517 taber-

250 3556 352 3634 naria,
376 3563 552 3640 praetexta,
576 3560 750 3642 crepidam,
774 3558 937 3635 attellana,
965 3559 1078 3639 μικτός
1102 3558 1171 3641 (ubi
1194 3559 1259 3622 sine
1284 3559 1379 3623 dubio

253 3664 368 3728 mimus
392 3665 603 3750 scribendum)
628 3666 842 3728 Blainttonico.

340 3770 507 3836 Tractat.
523 3773 565 3836 de
580 3794 667 3836 com.
680 3772 734 3855 qui
745 3771 938 3842 Euanthio
956 3769 1124 3834 ascribitur
1138 3791 1168 3852 p.
1182 3776 1209 3846 7,
1226 3776 1242 3834 7
1256 3770 1379 3854 (Reiffp

325 3966 355 4035 ¹⁶)
377 3965 466 4031 Quum
484 3983 587 4020 novum
606 3983 694 4035 genus
713 3969 821 4021 certum
839 3981 940 4019 nomen
960 3962 1143 4034 desideraret,
1167 3964 1315 4019 inventum
1338 3967 1379 4018 est

250 4072 352 4110 nomen
375 4052 608 4127 ἱλαροτραγῳδία,
637 4055 792 4125 profectum
821 4055 856 4108 ab
885 4052 1070 4124 argumentis,
1100 4070 1171 4122 quae
1198 4053 1251 4108 hoc
1279 4069 1379 4124 genere

251 4145 454 4199 tractabantur.
491 4143 736 4213 Hilarotragcedia
749 4143 824 4197 enim
842 4140 1382 4214 11111110110110110101μεταῤῥύ9μισις
1455 4183 1458 4190 .

251 4238 309 4287 τῶν
327 4237 468 4305 τραγικῶν
486 4231 525 4297 εἰς
543 4233 639 4302 γέλοια
657 4234 702 4288 vel
725 4229 821 4304 ἱλαρά,·
848 4250 914 4287 nam
938 4233 1086 4288 secundum
1105 4231 1237 4302 Hesychii
1260 4233 1380 4302 glossam

252 4341 271 4379 s.
291 4343 317 4378 v.
337 4322 445 4392 γέλοιος
462 4322 538 4377 idem
558 4326 601 4378 est
618 4321 727 4390 γέλοιος
746 4326 774 4376 01
793 4319 894 4395 ἱλαρός.
