3258 4794
688 271 691 278 '
712 288 752 304 *-
802 264 840 322 18
888 297 931 306 «-

259 436 443 504 'Advocatur
466 437 610 501 Bacchus
633 435 695 502 hoc
718 437 788 500 loco
811 436 845 500 in
869 435 1056 502 exsecrando

570 596 619 661 lta
642 601 674 660 te
697 596 841 661 Bacchus
865 597 931 679 ipse
955 599 1073 680 perdat.

258 755 351 832 Quod
375 779 445 820 curn
468 757 606 834 nullum,
636 757 720 841 quod
744 757 854 834 sciam,
881 758 997 822 haheat
1025 759 1218 842 exemplum,
1245 759 1384 841 peculia-

259 885 324 926 rem
339 864 414 928 huic
429 864 501 926 loco
524 885 650 926 causam
673 862 774 926 inesse
798 867 938 946 oportet3
970 865 1089 928 accedit
1113 866 1197 948 quod
1220 887 1258 928 ex
1273 864 1385 929 Oreste

258 971 368 1043 fabula
383 987 492 1049 versus
508 970 626 1053 petitus
647 975 702 1047 est,
726 969 815 1062 cuius
839 976 1061 1054 argumentum
1084 971 1111 1035 si
1135 972 1211 1055 quid
1234 972 1274 1035 ah
1290 971 1383 1035 Euri·

257 1078 340 1160 pidis
364 1078 474 1142 Oreste
498 1077 572 1140 licet
596 1078 797 1153 concludere,
826 1101 844 1142 a
866 1077 992 1162 Baccho
1020 1078 1114 1161 plane
1143 1079 1279 1144 alienum
1309 1084 1381 1142 erat.

259 1183 402 1262 Causam,
426 1207 522 1268 quam
538 1185 727 1267 quaerimus,
749 1186 783 1248 in
800 1206 836 1248 eo
853 1185 988 1268 positam
1005 1208 1072 1250 csse
1088 1207 1145 1268 pro
1162 1191 1247 1250 certo
1261 1186 1385 1263 habeo,

259 1292 344 1375 quod
360 1293 442 1356 actio
457 1292 599 1355 scaenica
613 1292 742 1356 fabulae
758 1293 989 1356 Rhinthonicae
1004 1297 1070 1356 tam
1088 1297 1153 1356 arte
1170 1315 1240 1356 cum
1258 1291 1384 1356 Baccho

256 1399 454 1477 cohaerebat,
478 1402 514 1463 ut
530 1400 568 1462 ad
584 1400 668 1462 hunc
684 1400 776 1463 decim
794 1400 898 1464 omnia
921 1400 972 1463 vel
996 1401 1208 1464 execrationes
1231 1400 1383 1466 referren·

258 1511 317 1570 tur.
365 1504 452 1581 Quae
468 1506 605 1588 suspicio
629 1507 730 1590 magis
755 1507 849 1569 etiam
873 1510 1008 1590 augetur
1031 1507 1151 1571 adiecta
1174 1529 1251 1571 voce
1276 1504 1381 1582 αὐτός,

259 1613 422 1696 quamsic
447 1614 584 1696 explico:

259 1745 263 1771 1
345 1721 491 1785 Bacchus
509 1722 577 1804 ipse
600 1725 707 1784 noster
730 1723 806 1785 deus
830 1744 922 1804 quem
947 1722 1149 1798 celebramua
1173 1722 1228 1804 qui
1251 1721 1383 1784 summis

256 1829 341 1910 apud
364 1849 422 1891 noa
446 1828 480 1891 in
503 1828 677 1891 honoribus
701 1821 756 1892 est.

256 1983 258 1988 -
345 1934 423 1998 Cum
452 1933 736 2017 hilarotragoediae
765 1955 838 1996 oum
862 1933 979 1996 Bacchi
1012 1933 1113 1998 cultu·
1128 1955 1283 1997 conexum
1311 1956 1382 2016 per-

257 2044 463 2124 spexerimus,
493 2064 532 2105 ne
555 2041 587 2104 id
611 2043 738 2125 quidem
761 2041 892 2104 dubium
916 2063 983 2105 esse
1007 2046 1127 2124 potest,
1155 2041 1231 2124 quin
1255 2041 1382 2124 symbo÷

255 2150 335 2228 lum,
359 2154 395 2213 ut
425 2149 470 2213 ita
503 2150 618 2227 dicam,
651 2149 755 2213 cultus
789 2147 951 2225 Bacchici,
983 2148 1111 2230 phallus
1143 2150 1176 2216 in
1209 2172 1245 2211 ea
1277 2150 1383 2212 locum

255 2256 416 2334 habuerit,
447 2257 632 2340 praesertim
662 2277 731 2318 curn
759 2254 910 2338 phlyaces
938 2275 1008 2316 eum
1038 2258 1178 2337 gestasse
1206 2278 1301 2338 supra
1329 2257 1382 2319 da

256 2366 543 2429 monstraverimus.

347 2471 454 2556 Atque
477 2472 547 2554 ipse
568 2471 694 2554 quidem
718 2471 846 2552 phallus
871 2470 1016 2534 omnihus
1041 2470 1084 2532 eis
1109 2469 1190 2533 vasis
1214 2470 1320 2553 pictis,
1344 2471 1383 2534 de

257 2579 372 2662 quibus
389 2579 520 2662 agimua
545 2578 718 2641 communis
736 2582 790 2642 est.
837 2577 1018 2641 Permultae
1042 2576 1140 2660 igitur
1164 2582 1238 2641 sunt
1261 2599 1383 2653 causae,
1403 2559 1405 2564 ⁵

257 2709 339 2770 quae
360 2708 435 2749 vasa
458 2685 522 2761 illa,
547 2707 565 2746 a
588 2683 699 2748 Iahnio
723 2685 756 2747 in
780 2684 959 2747 universum
983 2683 1154 2764 descripta,
1177 2683 1216 2746 ad
1239 2688 1381 2748 nostram

257 2798 358 2857 artem
372 2792 484 2855 referri
499 2792 636 2856 iubeant.
682 2791 750 2855 lam
767 2813 804 2853 ex
820 2789 924 2854 Iahnii
940 2789 1157 2872 descriptione,
1174 2812 1269 2873 quam
1286 2813 1383 2872 supra

257 2899 474 2983 apposuimus,
504 2899 591 2961 varia
618 2903 805 2982 argumenta
832 2897 1014 2961 huiusmodi
1041 2897 1124 2960 vasis
1152 2897 1382 2980 repraesentari

256 3012 358 3090 patet,
382 3009 436 3069 aut
459 3005 599 3088 mythica
623 3027 704 3087 quae
726 3026 784 3067 nos
807 3003 913 3086 potius
936 3004 1057 3086 tragica
1081 3003 1227 3081 dicimuS,
1252 3009 1305 3068 aut
1327 3027 1381 3087 pe·

256 3115 315 3178 tita
339 3136 377 3176 ex
401 3113 485 3176 vitae
509 3111 683 3176 cotidianae
707 3111 940 3177 consuetudine·
987 3111 1065 3175 (lum
1093 3133 1166 3174 vero
1195 3133 1233 3174 ex
1261 3112 1382 3175 littera-

256 3243 327 3285 rum
350 3219 561 3284 monumentis
585 3222 730 3283 naturam
755 3220 934 3282 comoediae
951 3218 1183 3282 Rhinthonicae
1206 3217 1238 3282 ἐν
1260 3219 1306 3302 τῴ
1328 3241 1383 3299 με·

257 3324 488 3412 ταρῥυθμίζειν
520 3323 560 3388 τὰ
593 3324 728 3410 τραγικὰ
760 3325 804 3402 εἰς
836 3326 944 3409 γέλοια
977 3325 1092 3390 versari
1132 3326 1383 3408 cognoverimus,

256 3440 381 3499 tantum
396 3435 429 3497 id
444 3455 544 3517 genus
561 3455 714 3510 vasorum,
738 3435 822 3517 quod
842 3434 947 3515 priore
970 3434 1041 3497 loco
1066 3431 1238 3506 attulimus,
1261 3430 1294 3492 in
1317 3451 1382 3512 quo

256 3541 513 3627 μεταῤῥύθμισις
540 3539 603 3603 τῶν
630 3539 798 3625 τραγικῶν,
814 3539 859 3614 εἰς
886 3539 994 3622 γέλοια
1026 3538 1128 3601 inesse
1160 3537 1316 3614 videatur,
1348 3536 1381 3598 in

258 3672 386 3714 censum
409 3649 514 3712 vocari
536 3652 650 3731 potest.
697 3647 833 3712 Omnino
857 3669 894 3709 ea
917 3645 1063 3709 omittere
1086 3644 1173 3720 licet,
1201 3666 1281 3728 quae
1304 3643 1383 3728 quin

258 3758 297 3820 ad
312 3756 454 3819 fabulam
473 3755 506 3817 in
530 3777 642 3818 scaena
666 3759 767 3817 actam
791 3753 948 3836 pertinere
970 3755 1137 3835 nequeant,
1161 3751 1291 3814 dubium
1315 3773 1384 3814 esse

257 3886 321 3927 non
344 3866 458 3946 potest.

348 3969 535 4052 Priusquam
552 3973 658 4032 autem
680 3969 718 4031 ad
743 3968 868 4051 singula
891 3988 966 4030 vasa
989 3966 1199 4029 enumeranda
1223 3969 1254 4028 et
1276 3964 1383 4049 perlu-

259 4078 387 4141 stranda
402 4081 567 4152 transeam,
583 4075 643 4138 hoo
660 4096 785 4158 quoque
801 4075 942 4138 monebo
989 4072 1026 4137 In
1042 4073 1144 4156 prima
1159 4071 1384 4154 disputationis

258 4189 348 4267 parte
364 4182 478 4247 Suidae
495 4182 533 4245 de
549 4182 731 4246 Rhinthone
755 4181 970 4245 testimonium
995 4179 1145 4262 adscripsi
1170 4184 1214 4264 (p.
1233 4184 1274 4261 2),
1298 4179 1382 4262 quod

191 4294 196 4309 '
259 4292 317 4355 sub
347 4312 423 4354 voce
446 4286 576 4350 Ῥίνθων
604 4289 713 4350 tradit:
747 4288 881 4371 figulum
909 4287 1005 4352 fuisse
1029 4285 1223 4351 Rhinthonis
1252 4291 1383 4368 patrem.
