3258 4794
701 251 924 308 „12„..

251 419 335 485 Illud
359 441 434 484 vero
462 421 633 484 tenendum
662 428 709 485 est
736 427 809 505 post
831 425 903 485 νέον
926 422 1095 506 κωμῳδίαν
1118 423 1247 488 Latinos
1276 425 1378 489 multa

250 526 431 590 fabularum
447 547 564 610 genera
580 527 704 592 tulisse:
728 532 764 592 ut
779 532 905 612 togatas
917 533 1182 611 —praetextatas
1198 569 1240 578 -
1255 530 1377 595 Atella·

251 655 308 698 nas
330 671 372 680 -
392 632 612 696 Rhiuttonieos
637 635 674 696 ab
698 636 809 697 actoris
832 636 959 709 nomine,
984 637 1245 701 tabernarias-
1265 638 1377 702 mimos

341 746 373 804 et
387 737 421 803 in
437 761 474 803 ea
488 743 579 823 parte
594 761 675 823 quae
689 742 839 806 Donato
856 741 1023 806 ascribitur
1039 742 1127 828 (psl),
1145 744 1200 828 23)
1217 744 1378 808 comoedia

252 851 358 911 autem
376 847 493 911 multas
517 847 637 930 speeies
660 847 756 912 habet
779 854 833 914 aut
857 849 940 913 enim
963 850 1096 932 palliata
1119 854 1166 914 est
1189 855 1245 914 eut
1267 854 1378 936 togata

252 957 306 1018 aut
330 954 509 1018 tabernaria
535 960 589 1018 aut
613 953 762 1020 Atellano
789 959 845 1019 aut
872 955 986 1021 mimus
1015 961 1070 1021 aut
1093 957 1296 1020 Rhiotbooieo
1324 963 1378 1023 aut

252 1053 440 1143 planipedis.

342 1167 472 1232 Accedit
488 1168 667 1254 Anonym.
684 1169 727 1232 de
743 1174 915 1251 poemate
939 1192 987 1253 ap.
1005 1169 1076 1233 Keil
1094 1171 1232 1236 Gramm.
1249 1170 1315 1235 Lat.
1332 1170 1377 1234 Vl

251 1295 281 1355 p.
307 1280 386 1338 274:

251 1381 425 1464 trogoedia‚
441 1381 585 1465 satyrica,
601 1385 808 1465 praetextata.
832 1383 994 1446 comoedia
1010 1383 1194 1461 tabernaria,
1218 1381 1376 1462 Atellano,

251 1487 464 1561 Rtierboniea,
488 1488 623 1554 mimica.

252 1601 284 1659 et
302 1594 377 1661 ibid.
393 1618 423 1679 p.
441 1601 514 1660 312.
561 1596 741 1680 Anonym.
764 1597 939 1679 poeticae
963 1597 1111 1680 species
1134 1597 1292 1660 latinae:
1325 1618 1377 1661 co·

251 1701 383 1780 moedia,
407 1702 595 1780 tabernaria,
620 1702 777 1781 Atellano,
800 1703 1013 1779 Rhiutlonica
1035 1703 1170 1768 mimica.

343 1807 463 1884 Quibus
492 1810 638 1874 omnibus
667 1833 705 1874 ex
733 1810 812 1875 locis
844 1811 986 1875 fabulam
1014 1808 1261 1874 Rhinthonicam
1295 1810 1378 1892 apud

253 1915 414 1983 Romanos
430 1938 555 2000 quoque
579 1917 719 1981 extitisse
743 1918 855 1996 elucet,
878 1939 959 2001 quae
983 1917 1050 1982 sine
1073 1917 1168 1981 dubio
1184 1916 1377 1981 Rhiuthonis

252 2023 393 2087 fabulam
409 2023 601 2088 imitabatur.
647 2024 737 2090 Laur.
754 2025 860 2109 Lydus
882 2047 951 2088 eam
974 2021 1125 2108 ἒξωτικήν
1146 2028 1253 2101 vocat3
1277 2024 1377 2088 exoti-

252 2153 324 2194 cum
344 2134 451 2194 autem
474 2131 590 2195 dicitur
612 2132 814 2216 peregrinum
837 2132 1009 2196 secundum
1025 2130 1167 2195 Nonium
1189 2153 1219 2214 p.
1238 2137 1311 2208 540,
1338 2136 1375 2194 17

253 2238 305 2322 (ad
321 2236 424 2303 Plaut.
440 2238 531 2322 Epid.
550 2240 640 2322 232);
664 2239 702 2302 of.
719 2239 815 2303 etiam
831 2238 938 2302 Plauti
954 2237 1149 2302 Menaechm.
1167 2244 1230 2302 236
1248 2237 1379 2302 Graecia

252 2345 374 2410 exotica
390 2349 421 2410 et
437 2345 574 2430 Hesych.
585 2369 608 2410 s.
619 2369 647 2409 v.
657 2343 811 2426 ἒξωτικάς
826 2344 930 2421 δίκας·
955 2343 1014 2421 τὰς
1029 2345 1163 2425 ξενικάς.
1203 2344 1378 2428 Aptissima

252 2452 351 2536 igitur
365 2451 422 2515 illa
438 2452 610 2535 appellatio
633 2457 688 2531 est,
711 2451 897 2535 praesertim
921 2452 947 2515 si
970 2451 1009 2515 ad
1026 2450 1190 2516 Graeciam
1213 2451 1377 2528 exoticam,

252 2583 316 2644 qua
330 2559 482 2644 Magnam
497 2559 660 2624 Graeciam
676 2558 809 2623 Plautus
826 2559 995 2642 significat,
1019 2558 1159 2623 animum
1179 2559 1378 2623 advertimus.

341 2665 410 2730 Iam
432 2667 490 2730 illa
513 2666 655 2750 quaestio
679 2667 793 2743 oritur,
822 2666 871 2729 cui
895 2665 1005 2749 generi
1030 2687 1161 2749 poeseos
1190 2665 1378 2729 dramaticae

252 2773 362 2837 fabula
377 2771 593 2837 Rhinthonioa
609 2772 650 2836 sit
666 2772 880 2848 adiudicanda,
903 2775 1011 2835 utrum
1028 2771 1190 2835 comoedia
1209 2771 1251 2834 sit
1273 2791 1377 2834 neone.

343 2879 667 2964 Duodequadraginta
693 2879 821 2944 fabulae
851 2878 1026 2964 (δράματα)
1052 2876 1245 2943 Rhinthonis
1272 2878 1377 2942 ferun-

164 3017 167 3021 ·
253 2992 314 3066 tur,
337 2991 373 3051 ut
394 2985 548 3069 Stephani
563 2985 710 3070 Byzantii
734 2991 764 3050 et
787 2985 902 3050 Suidae
925 2985 1114 3050 testimoniis
1138 2985 1171 3070 (l.
1187 2985 1220 3069 l.)
1245 2988 1378 3050 constat.

253 3093 378 3158 Novem
401 3093 488 3157 tituli
511 3097 693 3176 supersunt:

523 3235 717 3319 Amphitruo
896 3236 1013 3301 Athen.
1039 3243 1066 3313 3,
1093 3240 1151 3299 111

539 3345 692 3408 Hercules
879 3344 995 3408 Athen.
1022 3350 1072 3421 11,
1098 3349 1160 3406 500

451 3451 619 3536 Iphigenia
641 3450 778 3515 Aulidea
923 3451 1005 3516 Poll.
1031 3459 1058 3527 7,
1083 3456 1124 3513 90

452 3557 620 3643 Iphigenia
642 3557 777 3622 Taurica
928 3556 1008 3622 Poll.
1035 3561 1062 3633 7,
1088 3561 1125 3619 61

522 3665 681 3749 Telephus
912 3663 991 3727 Poll.
1018 3668 1069 3740 10,
1093 3668 1133 3727 35

542 3773 669 3838 Orestes
875 3770 1070 3854 Hephaestio
1098 3776 1125 3849 1,
1149 3776 1167 3833 6

346 3934 467 4009 Δοῦλος
495 3935 676 4019 Μελέαγρος
703 3933 821 3998 Herod.
849 3955 879 4015 p.
906 3937 982 4009 141,
1011 3938 1029 3994 8
1054 3931 1091 3995 Ε.
1115 3930 1157 3994 Μ.
1187 3953 1210 3993 s
1239 3953 1267 3992 v.
1296 3928 1380 4006 ὐλίος

256 4041 408 4106 Ghoerob.

506 4161 647 4250 Ἰοβάτης
896 4163 967 4229 ibid.

522 4271 634 4342 Medea
738 4270 812 4334 Hes,
836 4293 858 4333 s
883 4293 910 4333 v.
937 4271 1124 4355 Κομάκτιορ.
