3258 4794
371 583 508 668 Heayoh.
536 607 559 650 s,
587 606 615 650 v,
644 584 869 648 σαπόλλειν·
904 589 1030 648 σαίνειν
1046 583 1186 650 Ῥίνθων.
1234 569 1407 652 σαπνλίεῑν

282 690 363 766 ood.;
379 695 542 754 accentum
559 691 693 754 correxit
710 690 868 761 Albertua
908 691 1054 756 Fortasse
1075 692 1137 756 huo
1152 694 1289 776 pertinet
1305 693 1406 772 altera

281 797 401 882 glossa:
424 793 609 860 α’πιιλλίιω·
635 795 796 861 αἰνείσθω.

818 983 868 1041 27.

370 1098 508 1182 Hesyoh.
533 1121 552 1165 o.
570 1122 597 1164 v.
621 1099 812 1183 σιίρματα·
838 1101 1055 1183 καλλόσμανα.
1096 1103 1149 1168 καὶ
1165 1103 1286 1187 κόπρια
1310 1101 1401 1187 παρὰ

279 1203 433 1270 Ῥίνθωνι.

370 1312 543 1376 Adnotavit
571 1312 684 1377 editor:
712 1315 833 1400 κόπρια
861 1320 934 1380 sunt
963 1316 1153 1401 σαριόματα,
1182 1327 1302 1404 καριῑαι
1327 1336 1402 1380 vero

280 1420 437 1503 σιίρματα.
490 1418 585 1483 Errat
617 1419 666 1484 vir
696 1420 751 1484 ille
783 1421 908 1488 doctus:
947 1428 1117 1505 utrumque
1149 1423 1339 1488 vocabulum
1372 1429 1404 1487 et

279 1527 428 1610 σιίρματα
451 1532 483 1590 et
505 1527 681 1610 σαραίμαια
696 1528 853 1613 significat
868 1529 1004 1614 κόπρια·
1028 1529 1163 1596 alterum
1179 1530 1339 1594 derivatur
1362 1531 1402 1594 ab

279 1637 390 1718 σαίρω,
408 1633 459 1705 ab
488 1633 592 1717 σαρόω
621 1635 769 1700 alterum:
796 1635 902 1721 σαρόω
931 1641 1036 1701 autem
1064 1661 1083 1701 a
1106 1641 1204 1721 σαίρω
1227 1637 1402 1702 derivatum

279 1745 335 1806 est.
374 1741 485 1824 Itaque
508 1739 589 1804 nihil
612 1744 799 1807 mutandum
823 1749 878 1807 est.

812 1909 862 1966 28.

272 1993 275 2002 ‚
367 2009 505 2094 Hesyoh.
539 2034 562 2076 s.
594 2034 622 2074 v.
655 2021 830 2095 πραχαὶα·
868 2015 949 2091 μέσα
981 2005 1015 2074 ἐν
1045 2007 1220 2096 κόβαιςήἢ
1253 2008 1326 2087 ὁδός
1359 2009 1402 2086 ὡς

278 2113 418 2179 Ῥίνθων.

366 2220 541 2286 Adnotavit
565 2223 680 2287 editor:
704 2219 877 2287 ‘Confundi
891 2223 1039 2287 videntur
1059 2235 1194 2307 τρνχαῑα
1211 2227 1242 2287 et
1258 2229 1401 2310 σροχαία,

278 2329 339 2392 nisi
362 2329 444 2393 forto
460 2329 603 2395 Rhintho
619 2331 732 2414 νραχιό
749 2331 878 2408 dixerat,
895 2329 980 2413 quod
995 2330 1112 2394 Herod.
1130 2330 1221 2413 epim.
1244 2354 1274 2414 p.
1293 2337 1364 2408 136,
1383 2337 1399 2394 1

277 2435 415 2520 explicat
438 2433 456 2521 ἡ
480 2435 621 2523 ἁμαξικὴ
646 2434 744 2514 toea)
884 2427 886 2429 ¹
1230 2452 1232 2457 '
1281 2452 1284 2455 ’

816 2623 866 2681 29.

366 2723 502 2808 Hesyoh.
527 2747 550 2790 a.
574 2747 603 2790 v.
629 2722 721 2808 όόρό
728 2747 756 2786 ν·
781 2722 826 2798 εἰς
849 2727 967 2786 θυσίαν
990 2720 1176 2808 ἀκραιφνές·
1201 2720 1340 2786 Ῥίνθων.

366 2830 479 2896 Glosaa
496 2832 683 2914 explicatur:
708 2832 746 2895 ad
763 2831 950 2896 sacrificium
965 2852 1099 2906 merum3
1115 2830 1252 2914 pertinet
1268 2831 1402 2894 fortasse

277 2940 316 3002 ad
344 2961 414 3002 eum
443 2938 636 3004 Graecorum
664 2961 795 3014 morem,
828 2942 865 3002 nt
892 2937 925 3000 in
953 2936 1114 3002 sacrifieiis
1143 2941 1265 3002 merum
1288 2937 1401 3002 *vinum

276 3046 421 3111 libarent.
467 3047 579 3130 Itaque
602 3046 663 3110 hoo
686 3047 719 3109 in
743 3046 915 3130 archetypo
938 3044 1036 3109 firiase
1060 3044 1180 3108 oonioio

584 3166 680 3293 ι’ἶόόραρ
699 3205 744 3282 εἰς
767 3210 886 3270 θυσίαν
912 3202 1100 3293 ἀκραιφνές·

276 3314 295 3378 i.
312 3337 337 3380 e.
354 3309 486 3398 ἄνυδρος
502 3315 579 3399 (soil.
596 3309 754 3393 αἶνας)·είς
774 3317 892 3377 θυσίαν
908 3311 1091 3400 ἀκραιφνές,
1108 3307 1276 3375 librarium
1294 3317 1400 3376 autem

276 3427 407 3505 propter
438 3421 675 3486 similitudinem
705 3420 899 3504 syllabarum
928 3444 961 3496 og
990 3426 1021 3484 et
1050 3417 1108 3494 είς,
1143 3441 1223 3503 qnae
1251 3441 1319 3484 sese
1348 3441 1399 3482 ex-

276 3529 406 3612 cipiunt,
430 3529 568 3613 priorem
591 3528 742 3594 omisisse.

813 3712 863 3769 30.
934 3716 939 3730 '

366 3813 480 3898 Georg.
504 3813 658 3878 Choerob.
684 3818 757 3890 181,
782 3818 821 3876 28
848 3813 907 3897 [ed.
925 3811 1084 3896 Gaisford)
1110 3817 1141 3876 et
1165 3816 1238 3889 211,
1257 3816 1306 3874 12.
1350 3819 1398 3872 Τι-

278 3922 324 3999 νὲς
352 3921 385 3985 δὲ
412 3922 466 3985 καὶ
493 3920 549 4007 τὴν
578 3919 653 3996 Διὸς
685 3917 808 4006 γενικὴν
836 3916 905 3984 ἀπὸ
934 3918 989 4004 τῆς
1018 3920 1081 3994 Δὶς
1109 3915 1241 3993 εὐθείας
1268 3918 1397 3981 θέλουσι
1420 3929 1423 3937 ’

276 4031 377 4112 λέγειν
398 4029 454 4114 τῆς
476 4028 637 4114 εἰρημένης
660 4025 751 4112 παρὰ
774 4024 919 4090 Ῥίνθωνι
942 4027 1008 4089 κτλ.
1371 4113 1372 4116 ¹

365 4135 543 4218 Usnrpasse
558 4134 781 4201 Rhinthonem
789 4133 1020 4196 nominativum
1036 4137 1091 4207 Δίς
1114 4153 1172 4214 pro
1186 4131 1303 4196 usitato
1320 4131 1399 4205 Ζιίς

276 4243 365 4306 testis
389 4241 633 4306 Choerobosoua
