3258 4794
699 200 898 255 ,4-

325 371 438 437 Nossis
453 372 487 435 in
504 371 665 456 epitaphio
682 371 787 454 ipsum
801 374 929 454 poetam
945 371 983 434 de
1004 392 1038 434 se
1061 371 1139 435 facit
1161 370 1363 454 profitentem

237 479 389 565 φλυάκων
411 475 446 542 ἐκ
468 476 626 563 τραγικῶν
648 475 731 541 ἰ’ὂιον
759 481 863 541 κλοοον
889 473 1112 562 ἕόρεψάμεθα.
1160 476 1363 560 Phlyacem

236 586 336 670 igitur
358 585 480 649 fuisse
502 583 719 648 Rhinthonem
743 583 852 666 Steph.
875 582 950 666 Byz.
974 587 1006 647 et
1028 582 1174 648 Eustath.
1198 585 1363 658 testantur,

238 692 420 778 phlyaces
454 713 525 755 eum
559 691 818 774 composuisse
849 694 941 754 notat
968 689 1093 766 Nossis;
1131 690 1215 753 unde
1247 689 1363 772 duplex

238 799 331 864 huius
354 797 503 864 vocabuli
526 801 658 880 apparet
680 797 876 882 significatio.

328 904 495 990 Significat
519 909 634 983 autem,
656 904 711 968 ubi
733 904 766 968 in
790 905 968 969 litterarum
990 905 1201 968 monumentis
1225 908 1365 986 apparet,

240 1017 361 1078 eertum
377 1012 507 1096 aliquod
522 1033 622 1097 genus
637 1012 688 1077 vel
705 1012 896 1076 comicorum
920 1012 1076 1077 artificum
1099 1011 1150 1076 vel
1174 1011 1365 1076 comicorum

240 1124 423 1204 poematum
434 1118 473 1182 ab
484 1118 638 1182 eiusmodi
648 1117 822 1182 artificibus
833 1117 1089 1201 compositorum.
1122 1117 1251 1201 (Pollux
1262 1123 1365 1194 alla

241 1228 274 1290 in
298 1225 517 1291 enumerandis
540 1226 667 1290 comicis
691 1225 864 1288 artificibus
888 1225 983 1289 etiam
1007 1245 1118 1289 vocem
1146 1224 1253 1309 φλύαξ
1282 1247 1366 1289 com-

241 1333 417 1418 memorat.)
465 1333 512 1396 De
535 1336 649 1397 natura
673 1332 767 1397 huius
795 1332 919 1416 generis
947 1331 1063 1416 poetici
1090 1331 1170 1396 nihil
1198 1332 1275 1396 certi
1302 1354 1367 1396 me-

242 1440 360 1506 moriae
383 1440 542 1522 proditum
567 1444 629 1516 est3
663 1440 718 1503 sed
740 1439 816 1504 licet
839 1439 877 1503 de
901 1461 937 1503 ea
960 1439 1121 1522 suspicari.

332 1545 491 1610 Sosibium
522 1546 605 1609 enirn
633 1549 758 1610 secutus
781 1544 963 1610 Athenaeus
987 1544 1059 1630 (VI,
1090 1544 1197 1631 246)⁴)
1222 1545 1369 1631 φλύακας

243 1655 283 1719 ab
307 1653 396 1717 Italis
419 1652 597 1718 nominatos
620 1675 687 1718 esse
716 1654 792 1718 dicit
820 1655 960 1732 eosdem,
990 1654 1045 1737 qui
1073 1677 1091 1717 a
1114 1653 1369 1718 Lacedaemoniis

243 1760 434 1846 όικηλιοταί,
468 1783 487 1823 a
515 1760 671 1843 Sicyoniis
700 1760 915 1846 φαλλοφόροι,
949 1757 1185 1843 αὐτοκάβδαλοι
1218 1762 1257 1825 ab
1291 1760 1370 1835 aliis,

244 1871 394 1953 σοφισταί
416 1890 436 1930 a
458 1867 576 1944 multis,
599 1865 768 1931 ἐθελονταί
790 1891 809 1930 a
827 1866 988 1932 Thebanis
1012 1868 1088 1931 dicti
1111 1867 1182 1932 sint
1229 1868 1370 1945 Quorum

245 1975 387 2039 omnium
410 1975 493 2038 inter
516 1997 549 2038 se
573 1974 728 2038 affinitate
750 1978 836 2038 recte
860 1974 1147 2040 Sommerbrodtius
1170 1975 1204 2038 in
1227 1975 1299 2038 diss.
1323 1975 1371 2037 in-

246 2103 316 2166 aug.
333 2081 435 2164 primo
452 2080 562 2165 capite,
586 2103 667 2164 quae
686 2081 855 2165 phlyacum
880 2082 913 2144 in
936 2082 1117 2147 universum
1140 2086 1254 2146 natura
1275 2081 1372 2146 fuerit

246 2188 414 2254 concludit.
461 2186 523 2253 Sed
539 2190 605 2256 eius
620 2189 822 2253 ratiocinatio
838 2189 916 2253 mihi
932 2189 1057 2253 videtur
1075 2211 1142 2253 esse
1165 2189 1372 2254 examinanda

248 2300 344 2379 atque
368 2294 401 2358 in
425 2295 558 2379 singulis
581 2296 768 2379 quibusdam
794 2300 827 2359 et
850 2297 1035 2381 corrigenda
1058 2300 1090 2360 et
1113 2297 1265 2381 augenda.

335 2401 507 2468 Dicelistae
530 2402 697 2486 mimologi
720 2407 818 2481 erant,
843 2407 879 2467 ut
902 2401 1019 2488 Sosibii
1041 2403 1243 2486 potissimum
1266 2407 1372 2467 aueto-

246 2508 340 2572 ritate
360 2506 549 2592 docemurll.
589 2508 788 2592 Argumenta
810 2510 858 2588 iis,
882 2511 996 2593 quibus
1013 2510 1224 2593 Epicharmus
1247 2531 1373 2594 quoque

248 2619 280 2679 et
303 2613 484 2679 Atticorum
509 2636 592 2679 nova
620 2616 783 2679 comoedia
810 2617 973 2694 utebatur,
1000 2616 1129 2694 similia,
1158 2639 1174 2680 e
1201 2616 1267 2680 vita
1295 2617 1373 2680 coti-

319 2788 341 2855 4)
360 2792 411 2843 τοῦ
428 2787 459 2842 δὲ
477 2783 567 2852 εἴδους
585 2793 643 2843 τῶν
660 2792 824 2859 ύικηλιστῶν
841 2793 941 2844 πολλαὶ
958 2785 1030 2844 κατὰ
1048 2786 1152 2854 τόπους
1170 2790 1223 2846 εἰσὶ
1240 2810 1374 2864 προςηγα

249 2878 314 2949 ριάι.
351 2873 503 2931 Σικυώνιοι
515 2875 567 2945 μὲν
586 2872 639 2950 γάρ
659 2875 855 2950 φαλλοφόρους
873 2872 973 2944 αύτούς
990 2883 1130 2945 καλοῦσιν,
1150 2874 1228 2935 ἄλλοι
1247 2876 1275 2936 δ’
1295 2875 1375 2936 αύτο-

248 2962 411 3037 καβύάλους.
443 2963 469 3020 οἳ
488 2965 518 3021 δὲ
538 2964 663 3035 φλύακας
682 2961 720 3031 τός
738 2961 843 3022 Ἰταλοί.
873 2962 1006 3036 σοφιστὰς
1024 2968 1054 3024 δὲ
1073 2967 1099 3024 ol
1118 2971 1223 3025 πολλοί.
1259 2972 1376 3044 Θηβαῖοι

251 3053 282 3109 δὲ
301 3097 307 3110 .
329 3096 335 3108 .
355 3098 362 3110 .
381 3051 539 3121 ἐθελοντάς.

323 3146 344 3215 ⁵)
363 3145 436 3214 apud
449 3145 550 3200 Athen.
563 3145 635 3212 XIV,
657 3146 701 3200 14:
731 3141 806 3217 παρὰ
819 3146 849 3201 δὲ
861 3155 920 3211 τοῖς
932 3149 1163 3216 Λακεδαιμονίοις
1175 3129 1299 3220 κωμικῆς
1315 3168 1377 3204 παι·

252 3236 311 3297 διᾶς
329 3221 362 3302 ἦν
386 3251 427 3297 τις
448 3231 552 3305 τρόπος
575 3229 703 3300 παλαιὸς,
729 3225 767 3300 ὥς
790 3253 855 3306 φησι
875 3238 1026 3309 Σωσίβιος,
1050 3232 1102 3293 οὐκ
1126 3233 1197 3307 ἄγαν
1221 3243 1377 3306 σπουδαῖος,

252 3312 301 3376 dita
314 3315 346 3390 δὴ
360 3315 414 3376 κάν
433 3320 542 3387 τούτοις
560 3317 593 3378 τὸ
611 3318 689 3378 λιτὸν
707 3328 756 3394 τῆς
768 3322 901 3397 Σπάρτης
918 3325 1152 3396 μεταδιωκούσης.
1182 3325 1306 3396 ἐμιμεῖτο
1325 3325 1379 3401 γάρ

251 3429 293 3475 τις
305 3407 336 3466 ἐν
349 3404 456 3466 εὐτελεῖ
466 3416 499 3481 τῇ
511 3411 584 3478 λέξει
596 3410 768 3477 κλέπτοντάς
780 3433 857 3478 τινας
870 3409 992 3487 ὀπώραν,
1012 3409 1029 3485 ἢ
1040 3411 1151 3482 ξενικὸν
1163 3412 1260 3489 ἰατρὸν
1272 3422 1380 3474 τοιαυτὶ

252 3499 382 3569 λέγοντα,
407 3495 445 3564 ὡς
459 3494 561 3568 Ἄλεξις
579 3499 610 3557 ἐν
630 3503 930 3578 Μανδραγοριζομένφ.
961 3502 1112 3560 ἐκαλοῦντο
1136 3505 1166 3560 δὲ
1189 3504 1216 3561 ol
1238 3508 1380 3575 μετύοντες

253 3584 303 3658 τὴν
321 3586 451 3659 τοιαύτην
469 3584 582 3645 παιδιὰν
600 3586 677 3662 παρὰ
698 3601 756 3657 τοῖς
774 3590 890 3648 Λάκωσι
913 3597 1077 3663 ύικηλισταλ,
1102 3590 1140 3659 ac
1162 3589 1197 3650 ἄν
1220 3614 1262 3661 τις
1285 3613 1379 3652 σκευο-

253 3673 351 3743 ποιοὺς
370 3673 433 3749 εόπη
451 3682 499 3734 καὶ
517 3677 644 3750 μιμητάς.

324 3768 401 3823 idem
419 3770 495 3838 apud
514 3770 629 3824 Suidam
647 3789 668 3826 s.
681 3789 707 3825 v.
722 3774 886 3840 δικηλιστῶν
903 3775 950 3826 καὶ
968 3778 1095 3843 μιμηλῶν
1113 3769 1186 3838 εἶδός
1204 3772 1262 3829 ἐστι
1280 3793 1379 3846 κωμφ-

254 3857 314 3920 δύας
333 3846 370 3920 ὥς
389 3874 455 3926 φησι
475 3858 614 3930 Σωσίβιος
634 3853 649 3914 ό
668 3856 782 3916 Λάκων.

326 3944 433 4000 Eodem
451 3963 485 4000 ex
503 3947 581 4002 fonte
600 3947 740 4002 fluxerunt
759 3949 819 4003 sine
837 3949 921 4003 dubio
941 3948 1067 4004 Eustath.
1082 3950 1118 4003 ad
1130 3949 1211 4004 Hom.
1224 3969 1251 4020 p.
1265 3949 1326 4021 884,
1346 3952 1380 4008 26

256 4034 382 4102 δείκηλον
401 4024 470 4089 ὅθεν
489 4037 655 4104 δεικηλισταὶ
668 4068 701 4078 -
719 4038 841 4105 κωμικοί
859 4040 888 4092 et
906 4038 977 4092 duae
990 4037 1121 4108 Hesychii
1139 4037 1249 4109 glossae
1268 4057 1289 4094 s.
1303 4058 1330 4095 v.
1344 4041 1381 4095 άλ-

255 4125 341 4190 κηλον
361 4118 475 4193 [φάσμα,
495 4117 568 4192 όψις,
588 4119 713 4197 εἴδωλον]
733 4127 854 4194 μίμημα,
875 4117 944 4180 ὅθεν
961 4128 1008 4182 καλ
1027 4120 1043 4181 ό
1061 4123 1213 4198 μιμολόγος
1231 4123 1307 4201 παρὰ
1326 4128 1382 4184 Λά-

256 4229 325 4264 κιοσι
345 4212 542 4283 δικη[ν]λλκτας
561 4216 589 4268 et
607 4232 628 4268 s.
647 4233 674 4270 v.
693 4214 873 4283 ύεικηλικταί·
901 4217 1016 4284 μιμηταὶ
1035 4211 1110 4288 παρὰ
1129 4214 1253 4273 Λάκωσι.
