3258 4794
729 281 924 336 -5-

246 449 356 530 ,diane
370 449 471 533 petita
490 451 603 514 humili
626 451 815 534 vulgarique
837 451 887 515 usi
911 473 1054 514 sermone
1078 457 1150 515 aute
1174 456 1389 535 spectatorum

263 556 372 620 oculos
395 557 623 641 proponebant.

353 662 578 741 Autocabdali‚
605 663 790 748 ithyphalli,
818 665 1023 749 phallophori
1047 688 1241 749 quamquam
1264 665 1297 728 in
1320 665 1389 728 uni·

262 791 388 832 versum
412 767 512 833 eidem
541 756 655 854 generi
677 771 871 835 attribuendi
900 776 987 848 sunt,
1015 776 1122 835 tamen
1149 771 1182 835 in
1210 771 1344 856 singulis
1372 795 1391 834 a

265 876 413 940 dicelistis
443 877 558 941 diversi
587 881 688 955 erant3
725 884 821 962 atque
849 880 887 943 de
915 880 1029 944 horum
1059 879 1215 944 artificum
1243 879 1325 942 inter
1357 900 1390 942 se

264 983 469 1047 similitudine
497 984 650 1050 habemus
678 989 792 1049 testem
819 985 977 1050 illustrem
1005 984 1134 1050 Semum
1160 987 1302 1063 Delium,
1337 986 1411 1070 qui*

265 1091 298 1153 in
318 1090 400 1154 libro
424 1092 499 1176 περὶ
522 1093 671 1155 παιάνων
694 1099 839 1158 accurate
864 1095 902 1156 de
925 1093 964 1157 iis
987 1092 1153 1177 disserit.⁰)
1199 1091 1391 1176 Incipiamus

266 1197 305 1261 ab
329 1197 553 1264 autooabdalis.
1381 1261 1383 1271 ,

357 1302 391 1366 Οἱ
408 1301 643 1388 αὐτοκάβδαλοι
663 1306 863 1388 καλούμενοι,
888 1303 1139 1392 ἐστεφανωμένοι
1163 1305 1260 1390 κιττῷ
1283 1303 1392 1390 σχέδην

264 1411 431 1496 ἐπέραινον
459 1411 572 1496 ῥήσεις.
618 1410 744 1498 ὕστερον
771 1411 806 1476 δὲ
834 1411 946 1498 ἴαμβοι
975 1410 1212 1500 ὠνομάσθησαν
1239 1409 1332 1476 αὐτοί
1358 1435 1392 1475 τε

264 1520 319 1582 καὶ
345 1516 386 1590 τά
415 1519 585 1602 ποιήματα
613 1516 727 1582 αὐτῶν.
737 1519 761 1603 ⁷)
809 1518 902 1597 Quod
929 1521 969 1584 ad
999 1520 1217 1605 explicandum
1241 1519 1394 1604 Hesychii

265 1625 372 1710 glossa
389 1621 629 1708 αὐτοκάβδαλα·
659 1622 848 1703 αὐτοσχέδια
864 1627 1043 1710 ποιήματα.
1079 1623 1191 1712 εὐτελῆ
1206 1627 1287 1691 bene
1302 1649 1392 1691 usur-

265 1736 372 1816 patum
405 1729 515 1815 σχέδην
529 1731 630 1814 igitur
645 1732 754 1795 eodem
773 1754 867 1796 sensu
890 1733 1148 1817 intellegendum,
1172 1755 1234 1816 quo
1257 1733 1393 1798 vocabu-

266 1840 333 1901 lum
354 1835 556 1918 αὐτοσχέδιος
578 1839 639 1903 ie.
664 1861 701 1902 er
725 1843 876 1923 tempore.
922 1839 994 1904 Hoc
1017 1840 1117 1924 igitur
1139 1844 1273 1918 constat,
1296 1840 1394 1904 fuisse

267 1951 366 2012 artem
383 1947 663 2011 autocabdalorum
680 1968 751 2010 cum
766 1946 884 2012 Bacchi
900 1947 988 2011 cultu
1004 1949 1206 2031 conjunctam
1223 1985 1258 1995 —
1280 1951 1394 2032 στέφα-

266 2077 318 2130 νος
333 2053 443 2118 κιττοῦ
459 2056 498 2118 ad
513 2053 632 2118 Bacchi
651 2054 771 2118 cultum
795 2057 917 2137 spectat
940 2078 1032 2119 -ex
1055 2060 1197 2138 tempore
1221 2077 1275 2119 eos
1298 2055 1395 2119 verba

266 2162 386 2239 fecisse,
395 2160 713 2243 iambispotissimum
723 2183 797 2225 usos
808 2183 883 2238 esse,
891 2163 974 2226 unde
984 2167 1094 2245 postea
1103 2183 1217 2226 nomen
1228 2162 1393 2226 duxerunt.

356 2267 565 2332 Transeamus
589 2268 629 2332 ad
651 2267 855 2351 ithyphallos.

357 2383 548 2459 Προσωπεῖα
563 2374 753 2456 μεθυόντων
768 2368 854 2453 εἶχον
874 2375 928 2438 καὶ
951 2374 1090 2460 χειρίδας
1113 2372 1262 2450 άνθινάς,
1285 2379 1319 2438 et
1342 2397 1394 2458 μυ-

268 2485 407 2545 ναικείαν
434 2482 547 2566 στολήν
579 2505 660 2565 quae
693 2483 859 2546 constabat
891 2481 1017 2546 chitone
1048 2486 1138 2567 μέχρι
1174 2482 1237 2545 τιῦν
1268 2482 1395 2567 σφυριῦν

340 2695 361 2764 ⁰)
380 2692 453 2749 Semi
464 2693 656 2748 testimonium
668 2697 793 2748 servatur
812 2696 848 2750 ab
861 2695 1004 2750 Athenaeo
1018 2693 1082 2749 XIV
1096 2695 1213 2759 15-16;
1242 2693 1395 2762 Hesychius

268 2788 297 2837 et
315 2782 413 2838 Suidas
431 2800 464 2838 ex
483 2801 516 2838 eo
534 2784 688 2838 hauserunt
706 2785 735 2838 et
753 2801 816 2838 eum
833 2785 1001 2839 verbotenus
1021 2783 1234 2854 exscripserunt.

342 2873 476 2943 ⁷)Semus
496 2872 571 2943 apud
589 2874 655 2926 Ath.
674 2873 738 2927 XIV
758 2874 805 2938 15;
832 2873 907 2928 idem
931 2874 1007 2942 apud
1026 2873 1100 2928 Suid.
1121 2891 1142 2928 s.
1162 2892 1187 2928 v.
1208 2868 1393 2942 φαλλοφόροι·

269 2965 316 3017 καί
335 2960 360 3017 οἳ
383 2962 436 3029 μὲν
459 2964 505 3032 (sc.
526 2955 739 3032 αὐτοκάβδαλοι)
762 2965 860 3016 κιττοῦ
883 2961 1022 3031 στέφανον
1045 2959 1179 3034 ἐφόρουν,
1204 2965 1233 3017 et
1255 2981 1275 3018 s.
1294 2980 1320 3016 v.
1340 2963 1394 3031 Σῆ-

269 3071 321 3120 μος
340 3094 453 3109 .....
472 3054 520 3105 καί
542 3048 568 3105 οἱ
598 3050 649 3118 μὲν
676 3055 772 3105 κιττοῦ
801 3049 939 3119 στέφανον
967 3047 1100 3122 ἐφόρουν.
1134 3045 1338 3120 ὠνομάσθησαν
1366 3049 1395 3104 δὲ

270 3132 386 3214 όστερον
400 3134 517 3211 Ἲαμβοι.

341 3231 442 3284 Athen.
465 3229 483 3284 l.
508 3230 526 3284 l.
551 3227 577 3284 ol
600 3228 630 3282 δὲ
657 3226 805 3296 ἰθύφαλλοι
833 3225 1000 3295 καλοίόιενοι
1028 3237 1205 3300 προσωπεῖον
1231 3225 1396 3295 μεθυόντων

270 3311 389 3388 ἐχουσιν,
408 3321 455 3373 καί
467 3315 682 3387 ἐστεφάνωνται,
702 3318 823 3389 χειρίδας
835 3311 952 3380 άνθινύις
964 3310 1088 3386 ἐχοντες·
1116 3321 1213 3386 χιτῶσι
1226 3316 1256 3371 δὲ
1274 3321 1396 3389 χρῶνται

269 3405 448 3476 μεσολεύκοις
465 3411 513 3462 καί
531 3407 710 3480 περιέζωνται
732 3409 942 3487 Ταραντῖνον
959 3402 1101 3460 καλότιτον
1119 3400 1220 3470 αὐτοὺς
1238 3405 1320 3477 μέχρι
1339 3409 1395 3459 τιῦν

271 3502 392 3570 σφυρῶν.

346 3587 552 3657 Ταραντινίδιον
575 3585 749 3641 scribendum
773 3603 831 3640 esse
854 3603 905 3654 pro
930 3584 1037 3640 tradito
1060 3592 1225 3656 ταραντῖνον
1249 3601 1282 3639 ex
1307 3583 1396 3639 tribus

270 3676 339 3730 locis
357 3675 499 3746 parallelis
518 3675 616 3730 elucet.

342 3764 412 3819 Poll.
425 3767 451 3830 4,
472 3765 531 3818 104.
564 3760 630 3818 οίδὲ
649 3759 776 3831 μάττωνες
794 3763 913 3828 ξυλίνων
931 3765 1027 3817 ποδῶν
1045 3759 1235 3834 ἐπιβαίνοντες
1254 3756 1397 3834 ὠρχοῦντο

270 3849 391 3923 διαφανῆ
412 3853 604 3926 Ταραντινίδια
622 3845 820 3921 ἀμπεχόμενοι.

341 3942 411 3998 lbid.
432 3943 461 4009 7,
485 3945 527 3996 76.
558 3935 679 4011 καὶμὴν
697 3937 730 3995 τό
749 3956 782 4009 γε
803 3941 1012 4012 Ταραντινίδιον
1035 3939 1167 4008 διαφανὲς
1189 3937 1265 3994 ἐστιν
1288 3933 1397 4009 ἐσθημα

271 4026 470 4099 ὠνομασμένον
488 4025 545 4086 άπὸ
563 4035 611 4101 τῆς
633 4030 810 4103 Ταραντίνων
828 4025 952 4101 χρήσεως
970 4031 1017 4084 καί
1035 4032 1147 4101 τρυφῆς.

343 4119 419 4174 Suid.
434 4137 455 4174 s.
474 4139 500 4175 v.
520 4114 624 4174 λεπτὸν
641 4123 688 4174 καί
707 4117 840 4188 διαφανὲς
859 4115 976 4186 ίμάτιον,
997 4111 1031 4172 οὐ
1049 4113 1161 4180 πάντως
1179 4121 1342 4190 πορφυροῦν
1361 4107 1398 4180 ὠς

271 4219 344 4273 τινες
362 4203 509 4281 ὑπέλαβον.

342 4298 457 4368 Hesych.
477 4317 498 4353 s.
518 4317 543 4352 u.
567 4299 736 4370 Ταραντῖνον
753 4299 787 4352 cf.
807 4317 833 4368 p.
853 4299 887 4354 25
906 4317 927 4352 s.
