3258 4794
687 285 908 340 ..41-

324 453 399 518 Hes.
424 475 447 518 s.
471 477 498 517 v.
522 451 744 530 setorrauno'g·
769 456 927 540 ποτήριον
948 456 1054 520 ποιόν.
1095 454 1282 520 Ἰταλιῶται.

323 557 510 646 ὑανιακκόν]
521 557 670 652 ὑστιακόν
680 562 760 637 cod.;
776 561 891 626 inserui
909 584 947 628 ex
957 563 1119 647 Hesychio
1130 564 1215 647 quod
1224 569 1359 627 metrum

234 667 375 750 requirit.
421 668 560 732 Mettum
583 669 697 752 prioris
719 691 829 733 versus
854 669 898 733 sic
922 669 1177 735 constituendum
1200 676 1247 735 est

538 797 1044 882 v'0-t..s'0w÷.iv'...

234 917 332 980 Deest
363 933 425 981 una
455 915 578 1001 syllaba
603 917 716 994 'iambi3
749 920 856 1002 itaque
883 920 969 1004 quod
1002 920 1168 984 Dobraeus
1201 921 1360 1004 supplevit

233 1020 377 1109 dipteron
393 1037 504 1100 contra
519 1030 655 1089 metrum
678 1031 808 1110 pugnat.
848 1026 1059 1110 Conqueritur
1084 1027 1134 1092 his
1151 1027 1273 1092 duobus
1289 1050 1358 1092 ver·

233 1131 321 1196 sibus
345 1136 399 1195 aut
414 1130 578 1209 Hercules,
602 1131 686 1215 quod
710 1133 799 1211 alius,
823 1139 878 1197 aut
901 1133 1153 1216 homoquidam,
1176 1135 1262 1217 quod
1278 1133 1359 1199 Her-

234 1237 320 1302 cules
344 1238 405 1302 sibi
427 1238 537 1303 riuum
561 1243 592 1302 et
615 1239 703 1315 cibos
727 1241 902 1306 devoravit:
927 1237 1122 1326 ἄπαῤῥαφέω
1146 1263 1245 1326 aeque
1269 1264 1359 1318 usur·

233 1350 327 1428 patur
354 1346 392 1410 de
425 1345 545 1410 edendo
579 1368 615 1410 ao
648 1347 794 1413 bibendo.
839 1346 942 1412 Locus
972 1368 1031 1413 ‘nec
1063 1370 1120 1431 per
1136 1371 1183 1413 xse
1215 1349 1359 1436 intellegi

232 1458 350 1536 potest,
379 1476 436 1517 nec
463 1453 588 1538 integer
616 1459 671 1518 est.
719 1454 826 1519 Verba
851 1452 885 1546 ἐν
909 1451 1069 1540 ὑανιάκκω
1093 1456 1272 1520 desiderant
1294 1457 1359 1520 vini

232 1561 437 1638 mentionem,
464 1560 604 1644 itemque
628 1560 807 1624 coniunctio
835 1584 868 1624 τε
892 1562 1049 1644 desiderat
1077 1563 1239 1634 notionem
1263 1586 1359 1648 quam

233 1668 405 1752 coniungat
427 1689 498 1731 cum
521 1667 626 1758 verbis
654 1667 902 1752 insequentibus,
949 1667 1120 1734 Genetivus
1147 1669 1303 1756 καθαρῶν
1325 1668 1358 1732 τ’

232 1771 357 1858 ἀλήτων
385 1771 549 1860 κάλφίτων
577 1775 734 1839 desiderat
756 1776 962 1853 vocabulum,
990 1777 1073 1840 unde
1095 1777 1243 1859 pendeat,
1271 1799 1357 1841 men-

231 1904 337 1958 suram
365 1868 523 1965 quandam
552 1882 740 1966 significans.
790 1882 850 1948 Sed
871 1888 1021 1948 neutrum
1049 1883 1150 1948 inesse
1178 1888 1303 1967 poterat
1326 1886 1359 1948 in

231 1989 353 2067 lacuna,
376 2012 472 2072 quam
495 1990 611 2054 inserte
635 2011 711 2054 voce
740 1987 810 2071 ἐμὶν
835 1991 969 2074 explevi,
992 2013 1063 2056 cum
1080 1991 1262 2070 desiderem,
1286 2015 1358 2056 eum

232 2096 417 2180 significari,
447 2097 497 2160 oui
524 2119 573 2161 res
598 2102 796 2176 enumeratae
821 2097 944 2163 ablatae
973 2098 1043 2163 sint.
1090 2099 1138 2162 De
1162 2098 1265 2164 forma
1289 2096 1358 2180 ἐμίν

232 2203 271 2268 cf.
295 2203 386 2268 infra.

707 2401 861 2484 'Medea

768 2529 818 2588 11.

319 2631 394 2695 Hes,
418 2653 441 2694 s
465 2631 753 2719 V·,J¹'‘⁰r1⁰?²ffl⁰(¹'
787 2628 804 2716 ἡ
831 2632 914 2710 λέξις
937 2631 1028 2717 παρὰ
1053 2631 1196 2696 Ῥίνθωνι
1225 2631 1257 2696 ἐν
1282 2643 1357 2718 nq-

229 2736 323 2823 detq.

319 2846 521 2930 Κωμάκνωρ]
548 2847 728 2930 Κομάκτωρ
752 2848 819 2911 cod.
859 2847 909 2912 Ex
925 2848 1106 2929 coniectura
1122 2871 1200 2914 mea.
1238 2848 1368 2912 Derivo-

229 2951 419 3016 vocabulum
444 2976 462 3016 a
484 2952 582 3015 verbo
606 2951 756 3033 κωμαζω,
782 2953 866 3037 quod
886 2953 1005 3018 Doride
1028 2955 1163 3020 dialecto
1187 2955 1284 3019 habet
1307 2977 1356 3019 ra-

231 3057 331 3121 dicem
354 3082 467 3139 κωμαν,
491 3059 561 3142 (fut.
578 3058 745 3143 κωμαξω);
769 3061 957 3145 Κωμάκνωρ
981 3066 1086 3125 autem
1102 3063 1272 3145 respondet
1287 3063 1356 3126 voci

229 3164 406 3250 κωμαοτωρ
430 3172 571 3230 servatae
599 3166 632 3229 in
656 3151 796 3249 Syncelli
820 3168 975 3251 excerptis
999 3168 1199 3232 Manethonis
1224 3177 1257 3247 4,
1282 3176 1355 3234 493.

229 3271 396 3356 Significat
418 3273 526 3358 glossa
549 3271 727 3356 crepidarum
751 3272 834 3336 idem
859 3275 946 3356 quod
970 3275 1152 3358 κωμαονήςι
1176 3281 1231 3340 aut
1253 3275 1355 3339 homi-

228 3400 300 3442 nem
333 3384 504 3444 comastam
532 3379 779 3445 Bacchanalium
795 3380 1010 3463 participem,
1043 3386 1098 3448 aut
1130 3382 1235 3465 ipsum
1263 3382 1356 3446 deum

157 3495 166 3505 ‘
228 3484 617 3570 Bacchanaliaagenrem.

687 3647 893 3733 Antigona.

769 3778 818 3838 12.

318 3877 422 3941 Huius
455 3877 582 3942 fabulae
615 3878 849 3943 Rhinthonieae
872 3879 905 3942 in
937 3879 1115 3944 litterarum
1142 3879 1354 3944 monumentis

228 3983 346 4048 mentio
371 4007 436 4049 non
459 3985 509 4062 fit3
532 3987 587 4049 sed
610 3986 643 4049 in
666 4009 740 4050 vase
763 3987 857 4069 piot0,
884 3985 969 4069 quod
994 3987 1077 4070 apud
1094 3987 1307 4051 Wieselerum'
1321 3988 1354 4050 in

227 4091 311 4154 libro
344 4092 398 4174 qui
430 4091 614 4156 inscribitur
646 4089 943 4176 ‘Theatergebdude
978 4093 1040 4156 und
1074 4092 1268 4156 Denkmtler
1300 4095 1354 4158 des

228 4195 500 4262 Btihnenwesens'
530 4199 593 4262 tab.
618 4197 676 4274 IX,
704 4208 720 4262 7
746 4204 863 4278 exstat,
891 4222 1036 4264 scaenam
1064 4200 1160 4264 huius
1187 4200 1354 4264 hilarotra·

226 4305 359 4390 goediae
383 4324 553 4389 agnoscere
578 4329 673 4389 supra
696 4327 767 4390 pag.
794 4313 924 4371 21-23
949 4307 1041 4371 nobis
1065 4307 1125 4370 visi
1149 4329 1265 4372 sumus.
