3258 4794
692 271 918 328 2-49-

334 444 422 508 Haec
439 448 513 508 sunt
529 466 566 506 ea
580 443 767 527 fragmenta,
793 465 872 527 quae
890 442 1081 506 Rhinthonis
1102 443 1229 507 nomine
1246 443 1367 506 adiecto

151 607 152 612 ,
233 550 403 632 Ῐετιιῐήυη
426 573 490 614 non
514 549 721 614 dubitandum
743 555 798 628 est,
822 549 899 633 quin
923 550 1102 635 glossarum
1119 548 1369 627 Tarentinarum,

245 682 328 744 quae
355 659 438 742 apud
462 657 655 741 Hesychium
685 657 885 740 potissimum
909 661 1050 721 servatae
1074 662 1160 736 sunt,
1188 657 1306 721 multae
1330 657 1368 720 ad

245 771 388 831 nostrum
412 763 593 830 referendae
616 764 689 843 sint,
713 765 848 829 maxime
872 787 936 841 eae,
958 787 1038 848 quae
1054 763 1179 830 Siculae
1204 770 1235 828 et
1251 764 1367 828 Taron-

244 874 329 939 tinae
357 873 450 937 simul
479 872 634 937 dicuntur.
681 871 742 938 Sed
770 894 842 936 curn
871 876 957 936 certa
984 871 1099 936 indicia
1128 872 1242 950 desint,
1269 871 1301 935 in
1329 873 1368 935 iis

152 993 154 1001 '
246 980 505 1064 acquiescendum
531 986 586 1059 est,
611 1003 688 1065 quas
712 1003 807 1064 supra
831 980 1001 1062 composui.
1373 977 1375 982 ’

716 1514 893 1582 ronanus.

334 1639 385 1704 Ad
408 1661 480 1724 pag.
506 1645 556 1703 37.
603 1639 766 1704 Meinecke
796 1641 917 1706 Orestis
954 1642 1158 1707 [thiathonici
1176 1639 1295 1706 ¹versus
1329 1643 1367 1706 ab

245 1747 416 1830 Hephaest.
445 1745 469 1826 I,
495 1753 512 1810 6
541 1751 683 1812 servatos
710 1748 794 1813 hunc
817 1748 849 1811 in
873 1751 1000 1814 modum
1029 1751 1061 1812 in
1089 1772 1240 1834 personas
1263 1749 1367 1813 distri-

244 1856 384 1919 buendos
408 1876 476 1918 esso
503 1853 649 1918 coniecit:

334 1961 371 2027 A.
397 1957 414 2024 ὃ
438 1959 470 2024 dd
496 1960 644 2036 Διόνυσος
668 1958 764 2038 αὐτὸς
787 1960 886 2048 ἐξώλη
911 1967 984 2048 θείη
1008 1960 1039 2026 o’

335 2069 369 2133 B.
393 2066 616 2145 Ἱππώνακτος
639 2067 676 2134 τὸ
699 2072 822 2156 μέτρον.
870 2071 908 2136 Α.
933 2068 1100 2151 eddanum
1126 2073 1223 2152 μέλει.

246 2178 352 2259 Atque
370 2177 451 2241 hanc
467 2177 724 2250 distributionem
741 2179 866 2261 quidem
883 2180 1149 2264 comprobandam
1167 2203 1232 2243 esse
1248 2202 1367 2245 censeo.

246 2283 307 2348 Sed
336 2279 424 2348 elisio
453 2284 539 2363 talia,
567 2285 692 2368 qualem
722 2309 749 2349 v.
774 2287 801 2351 d.
830 2287 862 2349 in
890 2309 966 2352 voce
994 2285 1025 2350 o’
1054 2287 1218 2371 proponit,
1245 2287 1279 2350 in
1306 2289 1368 2351 fine

244 2390 371 2455 iambici
394 2392 508 2455 senarii
533 2393 657 2457 admitti
681 2415 745 2457 non
767 2397 886 2476 potest,
911 2417 980 2457 cum
1005 2395 1172 2478 insequens
1196 2417 1304 2458 versus
1328 2395 1367 2457 ab

246 2497 345 2560 altera
368 2519 503 2579 persona
526 2500 757 2582 pronuntiatur.
797 2501 965 2564 Praeterea
981 2494 1103 2565 cuniae
1128 2501 1188 2564 fide
1212 2502 1368 2565 librorum

245 2605 529 2691 manuscriptorum
552 2629 663 2688 parum
688 2611 819 2685 constet,
841 2629 899 2671 nec
923 2609 960 2671 de
984 2607 1139 2692 scriptura
1164 2605 1181 2671 ὁ
1204 2607 1247 2683 δὲ,
1273 2631 1367 2691 quam

245 2711 326 2774 idem
351 2711 513 2776 Meinecke
537 2713 568 2776 in
591 2713 697 2797 priore
719 2737 813 2780 versu
836 2715 1015 2798 proposuit,
1044 2737 1101 2778 nec
1125 2716 1163 2779 de
1188 2715 1368 2780 coniectura

246 2815 300 2879 ἴθ’
329 2815 578 2896 ‘Irrrroc'uuacar5
608 2843 703 2904 quam
728 2822 858 2886 Carolus
885 2823 990 2906 Denig
1018 2822 1049 2884 in
1078 2843 1184 2907 progr.
1212 2821 1368 2906 gymnasii
1441 2881 1445 2888 .

246 2924 510 2990 Bonshcimiensis
537 2927 649 3012 (1886)
673 2951 746 3013 pag.
772 2934 810 2992 17
836 2929 978 3012 protulit,
1002 2929 1064 2994 iam
1089 2929 1254 2994 diiudicari
1276 2951 1367 3012 posse

246 3031 376 3096 videtur.

299 4405 439 4444 Rhiuthonis
454 4406 589 4456 fragmento.
