3258 4794
677 303 900 361 ..17-

227 477 267 540 de
289 480 416 540 nostrae
439 499 610 561 earumque
632 476 870 560 amphorarum,
899 496 979 558 quae
1007 475 1140 539 eundem
1168 472 1355 552 stilum,'ut

226 583 273 648 ita
289 582 400 662 dicam,
422 605 498 666 prae
521 605 555 648 se
577 582 692 660 ferunt,
716 581 837 667 origine
861 603 933 646 cum
956 581 1063 665 aliqua
1085 580 1228 646 veritatis
1250 581 1355 665 specie

226 688 421 754 indicaveris.

266 827 267 832 ¹
316 795 485 860 Praeterea
510 800 730 880 argumentum
754 794 820 859 eius
844 794 927 858 vasis
951 793 1036 877 quod
1059 799 1107 859 est
1130 794 1214 878 apud
1231 791 1354 858 Wiese-

228 903 329 968 lerum
352 902 373 968 l.
396 902 417 966 l.
440 902 503 966 tab.
526 901 586 980 IX,
615 907 647 977 4,
676 905 784 985 aperte
813 902 852 964 ad
874 899 1119 965 Tarentinorum
1146 921 1196 964 res
1224 903 1355 982 spectat

228 1009 368 1074 Exhibet
392 1009 473 1072 enim
503 1009 662 1073 hominem
691 1009 811 1073 comico
838 1008 956 1072 vestitu
982 1009 1171 1073 instructum
1199 1007 1232 1071 in
1260 1007 1355 1092 piscis

227 1117 321 1181 dorso
337 1116 517 1193 vehentem;
550 1115 722 1200 significari
740 1119 846 1179 autem
869 1137 888 1179 a
911 1115 1033 1198 pictore
1056 1112 1111 1178 τὸν
1130 1115 1277 1200 Τάραντα
1295 1123 1355 1178 Πο-

227 1221 375 1298 σειδῶνος
390 1222 560 1286 secundum
576 1221 787 1286 Wieselerum
802 1221 867 1286 veri
884 1221 1017 1285 similius
1034 1221 1158 1286 videtur
1174 1243 1242 1286 esse
1258 1241 1355 1305 quam

229 1329 393 1394 Arionem:
431 1333 515 1392 recte
544 1329 628 1392 enim
655 1333 763 1394 monet
795 1328 844 1392 vir
874 1328 931 1392 ille
963 1329 1074 1392 doctus
1103 1328 1256 1392 Arionem
1288 1328 1357 1392 sine

227 1436 350 1500 cithara
376 1435 456 1520 fingi
488 1457 553 1499 non
584 1435 725 1517 potuisse
753 1436 795 1518 (p.
825 1442 866 1499 54
895 1435 915 1498 l.
944 1435 987 1518 l).
1038 1434 1215 1500 Tarautem
1240 1439 1356 1512 autem,

227 1542 372 1628 Neptuni
390 1542 492 1606 filium
515 1542 549 1606 iu
572 1541 729 1625 delphino,
753 1542 841 1605 cuius
864 1542 896 1605 in
920 1542 1027 1606 locum
1049 1542 1143 1607 facile
1166 1542 1261 1626 piscis
1286 1565 1356 1612 suc·

228 1650 336 1714 cedere
363 1649 482 1735 potuit,
515 1670 585 1712 oum
610 1671 660 1712 res
692 1649 726 1712 iu
758 1648 927 1713 ridiculum
960 1650 1155 1726 vertebatur,
1189 1649 1356 1714 vehentem

227 1756 457 1841 repraesentari
480 1755 610 1820 solitum
634 1778 709 1834 esse,
732 1757 822 1820 testis
846 1753 1034 1820 Aristoteles
1057 1757 1090 1820 in
1111 1755 1356 1820 Tarentinorum

228 1887 263 1928 re
290 1863 419 1946 publica
446 1863 544 1948 (apud
571 1862 651 1927 Poll.
680 1862 738 1927 On.
763 1861 822 1940 IX,
853 1862 906 1947 79)
935 1863 989 1925 καὶ
1017 1859 1227 1948 Ἀριστοτέλης
1254 1860 1286 1926 ἒν
1315 1862 1356 1948 τῇ

233 1973 429 2056 Ταραντίνων
460 1969 610 2053 πολιτείᾳ
641 1967 816 2054 καλεῖσθαίΛ
846 1989 922 2054 φησι
955 1969 1096 2050 νόμισμα
1129 1966 1213 2054 παρ’
1247 1966 1356 2045 αὐτοῖς

228 2078 384 2158 νοῦμμον,
410 2073 465 2161 ἐφ’
490 2066 527 2139 οὗ
551 2073 794 2139 ἐντετυπῶσθαι
822 2077 969 2161 Τάραντα
991 2074 1048 2139 τὸν
1072 2075 1267 2151 Ποσειδῶνος
1288 2075 1356 2140 δελ-

229 2194 298 2268 φῖνι
321 2179 546 2264 ἕττοχούμενον.
594 2181 690 2248 Cuius
718 2183 935 2247 testimouium
963 2183 1040 2266 ipris
1068 2183 1205 2247 nummis
1234 2183 1289 2267 qui
1317 2185 1356 2247 ad

227 2294 371 2354 nostram
394 2294 530 2354 oetatem
554 2294 773 2372 pervenerunt,
798 2313 893 2374 quam
916 2290 1166 2355 luculentissime
1190 2289 1356 2356 confirmaa
1416 2370 1419 2376 ‚

226 2403 288 2462 tur.
329 2396 441 2480 ltaque
458 2398 497 2460 ad
513 2397 650 2480 Magnae
667 2397 817 2461 Graeciae
832 2397 977 2480 inprimis
994 2398 1239 2463 Tarentinorum
1256 2401 1355 2462 artem

227 2508 416 2588 argumenta
424 2524 572 2566 vasorum
583 2524 701 2580 eorum,
716 2504 753 2567 de
764 2503 878 2585 quibus
889 2503 1021 2587 agimusr,
1037 2503 1193 2587 pertinere
1204 2505 1356 2569 videntur.

316 2610 439 2674 Deinde
472 2609 646 2693 quaeritur,
677 2615 784 2674 utrum
817 2615 971 2694 apparatu
1004 2611 1160 2688 scaenico,
1197 2633 1291 2695 quem
1322 2611 1355 2676 in

227 2718 373 2782 omnibus
398 2718 448 2782 his
474 2716 554 2782 vasis
578 2718 643 2782 fere
666 2718 800 2782 eundem
828 2739 895 2782 esse
919 2717 996 2782 Otto
1019 2717 1150 2783 Iahnius
1178 2718 1242 2781 iam
1270 2718 1355 2782 affir-

226 2827 338 2903 mavit,
366 2825 405 2888 ad
433 2825 548 2908 ipsam,
577 2826 615 2890 de
643 2849 706 2909 qua
733 2848 791 2890 nos
820 2825 957 2910 agimus,
991 2831 1090 2890 artem
1119 2827 1290 2910 phlyaoum
1318 2847 1356 2892 ea

225 2933 391 2996 referenda
414 2954 481 2995 esse
504 2933 728 3014 comprobetur
751 2954 857 2996 necne.

315 3036 384 3101 Iam
407 3037 508 3119 prima
535 3042 624 3120 parte
652 3039 875 3121 disputationis
904 3046 1030 3104 nostrae
1059 3040 1225 3104 cohaerere
1254 3045 1355 3104 artem

227 3144 397 3227 phlyacum
425 3165 496 3207 cum
524 3142 642 3208 Bacchi
670 3145 759 3209 cultu
782 3168 820 3208 ex
852 3146 1058 3211 similitudine
1091 3169 1162 3210 cum
1196 3147 1373 3223 dioelistis,.

226 3249 460 3332 phallophoris,
494 3242 736 3327 autocabdalis,
756 3252 944 3334 ithyphallis
973 3251 1220 3336 coniecimuw)
1266 3254 1354 3317 Haec

226 3356 409 3420 coniectura
423 3356 463 3420 ad
485 3360 605 3430 certum
628 3357 810 3439 perducitur
832 3358 1011 3442 fragmento
1036 3359 1184 3442 quodam,
1207 3361 1291 3441 quod
1315 3381 1353 3423 ex

227 3462 422 3527 Rhinthonis
445 3463 557 3528 Oreste
580 3463 673 3527 affert
700 3463 892 3546 Hephaestio
917 3463 941 3542 I,
965 3472 984 3528 6
1011 3465 1071 3550 (ed.
1095 3465 1253 3549 Westph.)

476 3584 521 3664 Ὡς
543 3587 577 3651 οὲ
601 3588 751 3664 Διόνυσος
774 3585 871 3664 αὐτὸς
894 3586 993 3673 ἐξώλη
1019 3593 1101 3673 θείη.

229 3715 442 3724 -----....-

300 3800 330 3869 19)
349 3799 437 3853 Favet
454 3798 518 3852 huic
542 3799 717 3854 coniecturae
741 3799 827 3855 etiam
846 3799 976 3869 Hesychii
999 3799 1131 3854 vocabuli
1155 3796 1245 3868 φλὺαξ
1269 3801 1353 3871 expli·

225 3889 312 3944 catio:
342 3886 432 3967 φλύαξ
443 3886 573 3956 μέθυσος,
593 3886 765 3958 μεθναστής;
793 3907 858 3944 nam
871 3889 1022 3959 ithyphalli
1039 3898 1217 3960 προσωπεῖον
1234 3887 1353 3957 μεθυόν-

225 3997 283 4032 των
301 3971 412 4046 ἔχουσιν
431 3979 581 4032 eecundum
600 3978 710 4034 Semum
728 3978 839 4034 Delium
858 3979 933 4048 apud
952 3979 1054 4034 Athen.
1074 3979 1144 4049 XlV,
1164 3987 1191 4050 p.
1206 3980 1271 4045 622;
1299 3980 1353 4034 nisi

224 4065 297 4121 forte
316 4066 352 4118 M.
366 4065 513 4119 Schmidtii
532 4067 701 4122 sententiam
720 4085 737 4121 a
756 4067 991 4122 Summerbrodtio
1012 4067 1075 4121 diss.
1095 4086 1122 4137 p.
1137 4069 1153 4120 2
1171 4069 1266 4122 adn2
1285 4069 1352 4123 alla-

225 4159 284 4208 tam
303 4154 453 4224 praeferas,
478 4155 527 4223 qui
545 4156 596 4209 has
616 4156 814 4226 explicationes
837 4155 960 4222 μέθυσος
983 4159 1012 4211 et
1034 4153 1192 4226 μεθυαστής
1214 4175 1271 4210 non
1293 4161 1352 4212 tam

225 4246 261 4298 ad
274 4240 397 4312 φλύακας
410 4261 506 4299 vocem
519 4263 602 4314 quam
615 4247 651 4299 ad
664 4246 780 4316 stirpem
793 4250 865 4315 φλυγ
884 4264 955 4314 quae
974 4251 1015 4300 est
1034 4247 1064 4300 in
1083 4243 1217 4315 οἰνόφλυξ
1235 4249 1351 4303 referen-

224 4337 275 4388 das
294 4350 352 4388 esse
372 4333 478 4387 statuit.

279 4425 420 4464 Rhinthoms
434 4425 570 4474 fragmenta.
1120 4427 1136 4478 2
