3258 4794
697 255 917 312 „28—

334 427 476 492 Eandem
500 449 573 490 vero
597 449 777 512 personam,
809 427 1002 512 Antigonam
1027 426 1110 504 dico,
1138 431 1170 490 et
1198 425 1290 489 nudis
1317 447 1371 510 pe·

246 535 337 598 dibus
371 538 402 598 et
435 531 517 618 ὄγκῳ
549 535 736 599 instructam
769 535 801 597 in
834 556 979 599 scaenam
1010 533 1151 617 prodire,
1187 532 1372 616 praesertim

225 663 316 718 ,cum
352 641 452 728 addas¹
482 641 578 712 etiarn
608 641 767 724 phallum,
806 641 880 725 quid
914 645 1019 724 potest
1058 639 1233 724 excogitari
1269 639 1372 724 magis

204 759 206 762 ’
244 747 433 812 ridiculum?
459 787 498 796 -
523 748 612 812 Idem
640 748 754 812 accidit
782 748 815 810 in
843 747 976 812 Creonte
1005 769 1086 832 rege.
1138 745 1199 823 Qui
1229 750 1260 810 et
1292 747 1373 810 tiara

246 859 433 939 sceptroque
449 858 579 918 ornatus
600 860 651 919 'est
675 859 706 919 et
728 855 820 919 nudis
843 854 976 938 pedibus
1000 855 1176 938 ingreditur
1200 857 1231 918 et
1253 857 1373 916 vestem

246 962 396 1026 uomicam
424 961 527 1026 induit
553 962 653 1026 limbo
681 985 840 1046 purpureo
868 962 1003 1046 tragicO,
1030 966 1068 1025 ut
1094 961 1140 1026 ita
1167 961 1282 1038 dicam,
1313 960 1372 1023 cir·

246 1070 435 1134 oumdatam.
482 1069 634 1134 Similiter
654 1071 746 1133 hasta
769 1071 884 1153 duplex
908 1070 941 1133 in
964 1091 1060 1132 manu
1085 1068 1222 1133 custodis
1246 1072 1371 1151 tragoe-

247 1176 330 1239 diam
355 1176 484 1253 redolet,
508 1179 611 1240 cetera
635 1177 837 1241 comoediam.

335 1281 447 1365 Neque
465 1283 531 1372 'boc
555 1283 681 1347 silentio
704 1283 1017 1367 praetermittendum
1040 1305 1107 1346 csse
1136 1281 1214 1344 mihi
1241 1281 1373 1358 videtur,

247 1391 332 1473 qnod
349 1412 456 1454 omnes
474 1391 760 1476 hilarotragoediae
776 1395 896 1454 actores
911 1391 1054 1475 personis
1070 1390 1254 1466 utebantur3
1279 1390 1372 1472 plane

248 1497 414 1560 Wieseleri
438 1498 475 1561 de
500 1499 559 1562 hac
582 1521 615 1561 re
638 1499 826 1562 sententiam
851 1498 1022 1581 comprobo
1045 1498 1088 1581 (p.
1114 1503 1154 1560 53
1178 1497 1199 1560 l.
1222 1497 1274 1581 l..)

220 1611 221 1614 ’
335 1604 443 1686 Atque
471 1605 523 1669 hic
550 1627 675 1689 quoque
703 1605 842 1689 tragicae
870 1627 1022 1689 personae
1055 1604 1181 1667 comicis
1214 1603 1372 1667 admixtae

247 1716 333 1787 sunt3
366 1711 442 1774 satis
467 1716 515 1775 est
538 1732 783 1776 commemorare
809 1713 988 1796 Antigonae
1011 1733 1179 1795 personam
1207 1711 1372 1795 tragicam,

246 1818 386 1882 custodis
410 1819 562 1882 comioam
586 1820 618 1882 in
642 1820 751 1884 eadem
775 1843 895 1885 scaena.

335 1923 402 1989 lam
418 1930 495 2008 puto
513 1949 663 2010 apparere
679 1948 741 2009 quo
758 1927 902 1990 decurrat
918 1927 1019 1990 oratio
1040 1949 1122 1990 mea:
1150 1924 1372 2010 μειαῤῥύθμι-

247 2053 295 2094 σιν
319 2032 601 2116 hilarotragoediae
625 2056 689 2098 una
712 2056 749 2096 ex
773 2037 863 2116 parte
887 2034 988 2096 inesse
1012 2055 1048 2095 ea
1071 2033 1141 2116 ipsa
1163 2032 1196 2095 in
1220 2053 1262 2108 re,
1287 2031 1373 2114 quod

246 2138 380 2203 vestitus
397 2139 535 2222 tragicus
552 2161 622 2203 cum
639 2139 759 2202 comico
774 2139 941 2203 ridiculum
962 2139 996 2202 in
1019 2139 1148 2202 modum
1171 2138 1371 2202 miscebatur.

337 2245 382 2310 Ut
392 2246 455 2309 iam
466 2247 505 2309 ad
516 2246 648 2310 alteram
657 2251 779 2330 partem
790 2252 995 2324 transeamus,
1012 2245 1123 2309 similis
1140 2245 1261 2308 videtur
1275 2244 1372 2308 fuisse

246 2352 504 2438 μειιιῤῥύθμισις
519 2354 672 2417 sermonis
688 2354 802 2437 tragici
818 2355 851 2417 in
866 2354 1044 2419 ridiculum.
1091 2353 1160 2430 Qua
1180 2353 1213 2417 in
1235 2375 1269 2416 re
1294 2351 1372 2415 diiu-

247 2460 380 2523 dicanda
408 2461 465 2524 nos
493 2466 558 2524 tam
591 2461 696 2544 parvis
728 2461 872 2526 frustulis
907 2462 952 2524 uti
983 2483 1075 2545 posse
1109 2483 1204 2543 quam
1236 2460 1372 2523 maxime

247 2569 440 2649 querendum
464 2573 518 2632 est.
565 2568 684 2632 Tamen
708 2591 782 2632 casu
805 2569 890 2633 felici
914 2569 1040 2644 accidit,
1069 2573 1105 2632 ut
1134 2590 1215 2650 quae
1242 2567 1371 2630 ratioci-

247 2675 375 2739 natione
392 2697 429 2738 ex
451 2676 630 2740 comoediae
646 2675 879 2740 Rhinthonicae
901 2681 1014 2740 natura
1037 2676 1068 2738 in
1094 2676 1275 2738 universum
1299 2696 1372 2738 con·

246 2782 385 2857 iacimus,
407 2782 566 2846 luculente
590 2783 834 2866 comprobentur
857 2783 1055 2866 fragmentis.

337 2888 519 2953 Sermonem
544 2891 768 2954 cothurnatum
793 2889 825 2954 in
854 2890 1016 2953 comoedia
1043 2890 1136 2953 nudis
1164 2889 1297 2972 pedibus
1325 2888 1372 2952 in-

247 2997 408 3079 grediente
423 2997 529 3060 locum
549 3017 612 3059 non
636 2997 782 3062 habuisse
805 3019 861 3080 per
885 3020 918 3062 se
937 3001 1039 3081 patet3
1072 2998 1126 3060 sed
1147 2999 1279 3063 eundem
1300 3018 1372 3060 cum

247 3103 388 3166 invenias
416 3103 550 3168 mixtum
578 3125 649 3167 cum
680 3105 799 3168 comico
827 3126 890 3168 non
919 3104 1096 3180 miraberis3
1134 3104 1222 3167 cuius
1249 3103 1372 3188 generis

247 3210 531 3296 pesrupdcfflaioaog
547 3212 726 3295 exemplum
742 3213 938 3276 luculentum
954 3213 987 3275 in
1011 3234 1048 3276 eo
1072 3211 1252 3295 fragmento
1277 3214 1373 3288 extat,

247 3318 331 3401 quod
364 3341 402 3381 ex
435 3317 546 3382 Oreste
580 3319 795 3383 Rhinthonico
835 3320 1031 3403 Hephaestio
1070 3319 1162 3382 affert
1195 3318 1235 3403 (l,
1274 3325 1291 3381 6
1326 3319 1371 3382 ed.

248 3425 431 3509 Westphal)

431 3582 473 3661 ὡς
497 3584 529 3648 σὲ
554 3585 704 3661 Διόνυσος
728 3583 825 3660 αὐτὸς
849 3584 948 3670 ἐξώλη
972 3590 1059 3670 θείη·

430 3690 651 3769 Ἱππώνακτος
675 3691 712 3755 ad
735 3697 859 3778 μέτρον,
885 3690 974 3756 οὐδέν
996 3715 1052 3773 μοι
1075 3693 1173 3773 μέλει.

338 3873 456 3936 Prioris
480 3896 601 3950 versus,
629 3874 764 3938 fortasse
788 3895 825 3936 ex
850 3873 970 3937 Orestis
993 3872 1155 3954 Euripidei
1183 3894 1274 3936 versu
1300 3876 1371 3934 130.

250 3983 324 4042 decl
347 4001 380 4041 os
403 3979 580 4062 μισήσειαν,
611 3977 653 4054 ὥς
675 3977 881 4060 μ’ἅιιιύλισας
907 3981 1034 4057 detorti,
1062 3980 1189 4043 initium
1217 3976 1371 4043 cothurno

249 4209 343 4278 potius
353 4227 407 4274 cos,
422 4208 470 4276 qui
480 4206 617 4262 eiusmodi
628 4209 726 4264 calceis
738 4210 895 4274 utebantur,
907 4227 989 4276 quarn
1001 4214 1108 4263 actores
1118 4207 1373 4277 hilarotragoediae

249 4298 284 4350 iis
304 4315 368 4351 usos
388 4315 445 4351 esse
465 4295 636 4352 crediderim.
