3258 4794
729 217 950 275 „15-

278 387 435 452 attischen
458 387 613 452 Komiidie
636 388 839 467 nachbilden,
868 389 909 452 ist
932 389 993 452 mir
1016 389 1221 466 zweifelhaft;
1253 389 1324 453 dass
1353 389 1405 453 ein

277 493 400 558 solohes
417 493 553 558 Kosttm
569 495 642 558 dort
657 494 767 558 ublich
782 515 936 579 gewesen,
961 495 1064 560 daron
1080 496 1179 559 findet
1194 495 1263 560 sich
1285 494 1405 560 meinos

278 599 421 665 Wissens
444 600 536 666 keine
560 600 651 684 Spur.
696 601 773 665 Nun
795 601 868 666 liest
887 594 964 666 ¹man
988 603 1063 667 aber
1086 603 1144 667 auf
1168 603 1254 668 einer
1281 603 1405 666 nolani·

277 707 374 771 schen
390 706 474 772 Vase
498 709 558 771 der*
576 708 637 772 Art
661 708 757 792 (apud
780 708 991 773 Wieselerum
1013 710 1077 774 tab.
1093 709 1151 794 IX)
1175 710 1278 774 neben
1301 710 1406 774 einem

278 815 414 879 Sklaven
441 816 492 879 die
520 815 665 880 oskisohe
692 814 844 880 Inschrift
872 817 995 895 Santia,
1030 818 1080 882 ein
1108 817 1246 882 sioherer
1273 816 1407 894 Beweis,

278 923 350 986 dass
378 923 423 986 sie
451 943 491 985 88
520 921 579 986 Ort
607 924 672 987 und
701 923 798 988 Stella
826 909 1000 1010 versertigt.
1051 924 1141 989 Dazu
1167 925 1304 1003 kommt,
1330 925 1408 988 dass

277 1028 384 1094 Vasen
407 1029 508 1100 dieser
523 1029 585 1094 Λή
607 1031 640 1093 18
665 1031 719 1094 der
741 1031 1002 1116 tiberwiegenden
1023 1028 1187 1096 Mehraahl
1209 1033 1242 1096 in
1265 1031 1406 1115 Apulien

277 1136 342 1199 und
358 1135 531 1214 Lukanien,
555 1137 675 1201 einzeln
698 1137 731 1201 in
754 1137 929 1216 Leontinoi,
954 1161 1002 1202 wo
1026 1138 1108 1202 auch
1132 1143 1220 1203 sonst
1243 1140 1303 1203 den
1327 1161 1406 1221 apu-

278 1242 398 1307 lischen
414 1244 593 1308 verwandte
613 1242 715 1307 Vasen
738 1266 809 1307 zum
825 1244 1001 1309 Vorsohein
1025 1246 1213 1330 gekommen
1237 1245 1317 1323 sind,
1339 1245 1407 1308 und

278 1350 311 1412 18
327 1349 529 1432 Campanien,
553 1355 641 1414 88881
658 1349 792 1434 nirgend
815 1351 972 1435 gefunden
996 1352 1129 1415 werden.
1175 1351 1308 1436 Erwtigt
1330 1373 1407 1414 man

278 1478 353 1534 nun,
377 1456 448 1518 dass
471 1456 505 1519 in
523 1455 737 1522 Unteritalien
759 1457 963 1540 possenhafte
985 1457 1235 1542 Darstellungen
1258 1457 1312 1520 der
1335 1457 1407 1534 Art,

278 1561 448 1626 besonders
471 1562 675 1646 parodisoher
696 1563 802 1628 Natur
824 1564 882 1629 mit
903 1563 1193 1648 karikaturartigen
1217 1563 1406 1628 (1188818188-

279 1669 408 1733 masken
432 1670 542 1735 11111811
565 1692 670 1735 waren
695 1709 734 1718 -
760 1693 793 1736 88
816 1675 938 1755 gentigt
961 1694 1001 1734 an
1024 1671 1074 1735 die
1098 1671 1238 1756 φλύακες
1260 1693 1324 1736 von
1344 1671 1406 1735 Ta-

280 1780 352 1840 rent
379 1776 444 1840 und
473 1777 522 1840 die
546 1777 714 1842 Atellanae
743 1778 922 1843 8188081188
948 1801 987 1841 zu
1015 1778 1173 1855 erinnem,
1201 1817 1239 1826 -
1264 1801 1299 1843 88
1327 1775 1407 1842 wird

279 1906 311 1948 es
339 1883 428 1948 nieht
455 1885 775 1963 unwahrsoheirrlioh,
803 1887 874 1949 dass
902 1885 985 1950 diese
1013 1885 1271 1968 Darstellungen,
1300 1907 1405 1949 wenn-

280 1991 387 2075 gieich
402 1992 483 2055 auch
499 1993 599 2056 durch
620 1992 754 2056 attische
770 1992 927 2057 Einflusse
949 1993 1121 2068 bestimmt,
1144 1993 1227 2057 doch
1249 1992 1283 2056 irr
1306 1993 1406 2056 dieser

281 2098 390 2162 Weise
412 2098 499 2162 ihrer
521 2098 725 2183 Ausbildung
747 2099 781 2163 in
803 2083 1016 2164 Uuteritaiien
1039 2100 1263 2164 einheimisohe
1286 2099 1382 2164 sind.“

368 2203 513 2269 Italicam
540 2206 638 2290 igitur
666 2211 766 2270 artem
794 2206 872 2270 haec
899 2229 975 2270 vasa
1002 2206 1087 2289 81818
1114 2228 1189 2288 8888
1222 2229 1255 2270 88
1287 2206 1406 2290 ferunt3

279 2314 341 2376 hoo
365 2316 396 2376 et
418 2318 503 2376 88818
527 2314 681 2378 conclusit
702 2313 832 2378 Iahnius
858 2335 896 2377 ex
925 2313 1166 2398 argumentis¹⁷)
1197 2335 1277 2397 quae
1306 2313 1405 2390 affert,

280 2426 312 2482 81
328 2419 464 2482 81188888
480 2441 606 2503 quoque
621 2405 700 2484 mihi
716 2425 938 2504 argumentum
953 2425 1080 2504 praesto
1098 2425 1154 2486 est.
1198 2420 1236 2485 18
1252 2421 1405 2504 amphora

281 2525 364 2589 enim
381 2548 425 2603 ea,
450 2548 545 2609 quam
560 2525 753 2591 Wieselerus
776 2528 840 2592 tab.
856 2526 911 2606 IX,
937 2533 976 2591 15
1001 2527 1117 2610 posuit,
1140 2526 1218 2592 haec
1240 2526 1405 2610 inscriptio

281 2636 380 2697 extat:

539 2745 736 2802 8888888
756 2745 956 2802 8888888
977 2739 1060 2825 (sier)

281 2883 300 2947 i.
317 2904 342 2948 e.
362 2881 474 2945 Asteas
489 2882 600 2964 pinxit.
646 2880 733 2945 Idem
750 2882 864 2946 artifex
880 2882 987 2946 eadem
1003 2883 1140 2946 nominis
1154 2883 1237 2947 falsa
1252 2882 1407 2968 scriptura

281 2987 462 3053 nominatur
489 2987 522 3051 18
551 2987 675 3052 duobus
704 2987 774 3052 aliis
801 2988 898 3067 vasis,
931 3011 1012 3072 quae
1039 2989 1170 3054 Iahnius
1199 2990 1309 3054 eodem
1336 2989 1407 3053 loco

282 3097 324 3180 (8.
342 3094 479 3180 CCXXI)
505 3099 739 3175 commemorat,
763 3119 898 3181 quorum
921 3098 1056 3162 aiterum
1079 3097 1195 3175 Paesti,
1220 3096 1306 3161 Barii
1330 3096 1407 3160 alte-

281 3224 352 3266 rum
368 3203 401 3265 in
417 3203 519 3266 lucem
535 3203 661 3287 prodiit.
707 3202 819 3288 Itaque
843 3204 980 3269 dubitari
1002 3226 1067 3269 non
1090 3207 1202 3287 potest,
1226 3203 1303 3286 quin
1325 3203 1408 3266 idem

281 3330 376 3392 porro
400 3310 478 3373 haec
501 3308 563 3372 tria
586 3332 662 3374 vasa
683 3310 815 3393 picturis
840 3309 1005 3375 ornaverit.
1052 3309 1100 3374 De
1128 3309 1197 3392 ipso
1226 3309 1288 3372 hoc
1311 3307 1409 3371 Astea

282 3417 364 3481 nihil
380 3417 550 3481 memoriae
565 3417 727 3501 proditum
743 3422 804 3492 est;
837 3417 892 3480 sed
907 3416 1112 3481 Tarentinum
1130 3438 1201 3478 eum
1224 3413 1322 3478 fuisse
1345 3432 1408 3474 non

282 3523 397 3587 iniuria
412 3523 485 3587 inde
501 3523 699 3598 concluseris,
724 3523 808 3606 quod
824 3521 955 3585 Asteam
973 3542 1087 3584 nornen
1103 3519 1233 3583 Tarenti
1255 3519 1408 3582 usitatum

282 3630 379 3695 fuisse
395 3630 512 3695 Asteae
528 3629 723 3714 Pythagorei
739 3627 903 3692 Tarentini
921 3628 1100 3711 exemplum
1124 3625 1270 3711 docet.¹⁸)
1316 3624 1410 3691 Unde

356 3809 388 3878 17)
409 3806 463 3862 Sed
474 3824 531 3860 una
543 3805 573 3860 in
584 3823 614 3861 re
633 3807 669 3860 ab
687 3823 719 3861 eo
739 3802 885 3858 dissentio:
913 3802 1049 3860 contineri
1068 3803 1144 3859 enim
1162 3806 1256 3858 888881
1274 3801 1318 3856 his
1337 3800 1410 3856 vasis

284 3895 368 3966 pictis
381 3895 412 3948 in
424 3895 583 3950 universum
596 3894 743 3964 perediam
761 3902 851 3948 rerum
869 3894 914 3948 vel
931 3893 1069 3948 factorum
1087 3892 1279 3962 mythicum,
1299 3891 1411 3960 qualem

284 3985 434 4054 phlyacum
452 3984 594 4054 propriam
618 3983 701 4038 fuisse
720 3985 810 4053 putat.
847 3982 904 4038 Nos
927 3999 992 4036 vero
1015 3980 1279 4050 hilarotragoediam
1304 3983 1412 4050 tragoe·

285 4074 361 4128 diam
380 4073 410 4126 in
427 4071 575 4127 ridiculum
594 4089 701 4125 versam
726 4071 922 4126 existimamus.
959 4069 1013 4124 Sed
1038 4069 1124 4124 etiam
1147 4069 1222 4123 huno
1245 4086 1355 4123 sensum
1378 4086 1412 4123 ex

285 4161 444 4216 huiusmodi
452 4179 583 4216 vasorum
592 4160 730 4230 pictorum
741 4159 911 4229 argumentis
922 4158 986 4214 81181
995 4176 1076 4228 88888
1086 4157 1148 4227 quis
1162 4160 1204 4214 est
1215 4157 1283 4226 quin
1295 4157 1412 4212 videat?

359 4252 390 4319 18)
410 4250 553 4304 Iamblieh.
572 4249 652 4318 Pyth.
674 4249 716 4304 36.
