3258 4794
711 229 930 285 ..20-

260 400 343 464 enim
358 400 436 464 haec
459 421 571 464 scaena
595 401 634 463 ad
656 401 853 484 tragoediam
876 400 907 463 in
931 398 1101 464 ridiculum
1124 421 1254 477 versam,
1278 399 1380 482 qualis

260 511 328 571 arat
342 506 567 584 Rhinthonica,
591 507 733 590 quadrat.
779 507 863 571 Nam
887 507 963 590 quid
986 507 1019 571 in
1043 528 1079 571 ea
1102 506 1227 570 ridiculi
1251 510 1318 571 est?
1348 507 1381 569 in

259 614 368 699 primis
392 618 561 698 apparatus
589 615 758 679 scaenicus.
804 613 888 678 Iovis
917 618 1060 698 stuprum
1088 635 1159 679 cum
1183 613 1336 678 Alcmena
1362 636 1382 676 a

257 720 388 806 tragicis
412 742 538 804 quoque
562 719 677 784 Atticis
700 725 871 784 tractatum
895 742 962 784 essa
985 720 1136 803 Aeschyli
1159 720 1381 804 Euripidisque

259 825 442 904 Alcmenae,
471 826 637 909 Sophoclis
670 826 857 911 Amphitruo
886 828 1007 894 docent.
1057 827 1175 892 Flamin
1202 827 1381 891 fabularum

259 938 481 1018 argumentum
497 933 672 998 accuratius
687 933 811 999 definiri
834 935 951 1018 nequit.
998 934 1145 998 Diversus
1167 934 1264 999 fuisse
1288 955 1306 996 a
1330 954 1380 998 oo-

258 1041 382 1105 moedia
398 1041 502 1124 ipsum
512 1040 653 1105 Plautini
668 1038 912 1124 Amphitruonis
929 1040 1108 1124 exemplum
1125 1041 1274 1105 ostendit:
1298 1040 1381 1104 Mer·

258 1149 363 1212 eunus
387 1146 555 1211 Plautinus
579 1147 646 1230 ipse
669 1169 777 1212 servus
806 1151 866 1224 est,
894 1146 1137 1231 Amphitruonis
1165 1149 1247 1212 servi
1274 1169 1381 1230 perso·

257 1278 332 1320 nem
347 1260 509 1320 mutuatus
525 1259 556 1320 et
571 1255 713 1340 luppiter
728 1254 895 1320 Plautinus
915 1255 1153 1338 Amphitruonis
1176 1261 1282 1340 partes
1306 1256 1381 1340 agit.

257 1362 295 1427 In
318 1369 426 1428 nostra
448 1363 572 1447 pictura
594 1363 716 1428 nullum
741 1363 910 1448 vestigium
933 1364 1028 1440 inest,
1052 1365 1114 1446 quo
1138 1385 1288 1447 personas
1310 1387 1381 1448 per·
1507 1373 1512 1386 “

257 1475 395 1536 mutatas
428 1492 495 1536 esse
526 1471 694 1548 indicatum
732 1493 834 1554 neque
867 1472 950 1535 enirn
983 1472 1067 1554 quod
1100 1470 1381 1535 Winokelmannus

258 1577 440 1642 observasse
464 1577 525 1641 sibi
548 1577 671 1642 videtur
688 1577 878 1642 Mercurium
902 1578 996 1661 plane
1018 1578 1122 1642 forma
1145 1577 1250 1642 servili
1272 1579 1381 1642 fictum

258 1707 335 1762 esse,
358 1707 467 1749 verum
490 1689 547 1762 est,
570 1691 606 1750 ut
629 1684 821 1749 Wieselerus
844 1689 929 1749 recte
952 1689 1067 1749 monet.
1114 1685 1224 1769 Itaque
1248 1707 1287 1749 ne
1310 1707 1381 1769 per-

256 1791 449 1856 mutationes
470 1792 597 1875 quidem
620 1814 826 1875 personarum
849 1789 930 1870 illas,
954 1813 1087 1875 quarum
1110 1793 1219 1856 fabula
1233 1791 1382 1856 Plautina

256 1899 351 1983 plena
375 1902 435 1976 est,
458 1899 491 1962 in
515 1921 551 1964 ea
573 1900 696 1976 fabula,
724 1921 820 1983 quam
842 1899 966 1981 pictura
987 1902 1095 1963 nostra
1116 1892 1272 1977 imitatur,
1301 1899 1381 1963 exti-

255 2005 331 2093 tisse
347 2027 513 2090 supponas.
560 2005 753 2090 Tragoediae
770 2009 875 2069 autem
899 2010 1119 2088 argumentum
1143 2006 1227 2088 quod
1250 2006 1282 2069 in
1306 2006 1380 2068 ridi-

257 2113 364 2176 culum
387 2135 512 2178 versum
535 2117 644 2176 nostra
666 2113 789 2195 pictura
812 2112 930 2175 imitari
954 2112 1090 2190 videtur,
1113 2114 1174 2177 hoe
1197 2114 1262 2177 fere
1285 2113 1381 2178 firisse

256 2223 348 2303 puto:
380 2218 522 2303 Iuppiter
546 2219 673 2283 absente
696 2214 942 2302 Amphitruone,
970 2241 1033 2283 non
1057 2221 1299 2303 Amphitruonis
1327 2220 1381 2284 sed

255 2348 313 2390 sua
335 2325 434 2409 ipsius
457 2327 572 2404 forma,
601 2348 673 2390 cum
697 2326 849 2390 Alcmene
872 2349 928 2390 seu
955 2326 1067 2404 invita,
1097 2349 1152 2390 seu
1179 2349 1244 2391 non
1271 2329 1379 2406 invita,

255 2433 366 2497 coiisse
394 2439 490 2497 noctu
522 2434 749 2518 gravidamque
782 2455 851 2497 eam
881 2433 1005 2509 fecisse3
1041 2434 1308 2517 Amphitruonem
1341 2458 1379 2499 ex

254 2541 366 2606 itinere
389 2564 557 2620 reversum,
581 2564 652 2606 cum
675 2565 805 2606 uxorem
830 2543 869 2606 ab
894 2543 992 2607 altero
1012 2547 1130 2606 tectam
1154 2565 1221 2606 esse
1244 2564 1378 2626 cognos-

255 2654 346 2726 ceret,
370 2649 691 2714 vehementissimam
712 2671 781 2712 eam
803 2649 961 2712 invectum
986 2671 1052 2712 esse
1076 2653 1107 2712 et
1130 2650 1285 2733 supplicio
1310 2673 1378 2714 eam

210 2813 213 2818 ,
255 2755 379 2821 afficere
395 2757 577 2821 instituisse.
622 2754 728 2818 lovem
744 2760 849 2819 autem
866 2756 959 2819 deum
975 2778 1013 2818 ex
1028 2755 1173 2820 machina
1196 2758 1378 2839 apparuisse

255 2867 287 2926 et
303 2862 491 2926 auctoritate
506 2863 666 2945 verboque
682 2861 787 2924 divino
803 2860 1046 2945 Amphitruonis
1062 2862 1140 2926 iram
1164 2863 1317 2927 lenivisse.
1335 2903 1377 2910 —

254 2969 361 3050 Atque
376 2968 614 3052 Engelmannus
630 2969 664 3032 in
680 2961 892 3052 disputatione
916 2969 954 3032 de
970 2969 1123 3034 Alcmena
1138 2970 1309 3054 Euripides
1333 2972 1378 3057 (in

252 3081 487 3159 programmate
511 3076 674 3161 Gymnasii
697 3075 917 3141 Friedericiani
940 3076 1154 3141 Berolinensis
1181 3081 1279 3163 1882)
1304 3099 1376 3142 ean·

254 3181 324 3244 dem
346 3183 511 3265 proposuit
534 3184 600 3247 eius
624 3183 751 3247 fabulae
775 3189 997 3266 argumentum
1020 3185 1180 3267 profectus
1209 3209 1227 3248 a
1251 3186 1376 3250 duobus

253 3288 384 3371 picturis
411 3289 639 3367 vascolaribus,
674 3290 788 3374 quibus
816 3291 970 3354 Alcmena
997 3291 1029 3354 in
1058 3313 1136 3375 rogo
1168 3292 1273 3374 posita
1302 3314 1375 3358 oon-

180 3429 184 3438 ·
253 3395 395 3478 spicitur,
427 3397 502 3459 dum
529 3397 721 3480 Amphitruo
750 3398 863 3460 coniux
897 3402 928 3460 et
955 3399 1100 3462 Antenor
1130 3419 1244 3482 rogum
1276 3399 1375 3461 taedis

252 3503 435 3579 incendunt3
474 3525 548 3567 arcu
572 3507 677 3567 autam
702 3504 829 3568 caelesti
853 3508 884 3567 et
908 3504 1025 3568 deabus
1055 3526 1169 3587 aquam
1197 3503 1230 3567 in
1262 3525 1375 3588 rogum

253 3609 494 3673 defundentibus
517 3610 671 3674 auxilium
695 3609 744 3673 dei
774 3633 812 3674 ex
840 3611 986 3674 machina
1012 3610 1096 3675 Iovis
1123 3611 1291 3690 indicatur,
1320 3611 1375 3695 qui

251 3716 346 3779 imbri
368 3737 481 3800 rogum
506 3717 692 3800 extinguens
715 3715 905 3799 supplicium
935 3716 972 3779 de
998 3717 1149 3781 Alcmena
1177 3719 1216 3782 ab
1241 3719 1374 3802 Amphi-

251 3830 365 3888 truone
389 3825 471 3887 sumi
493 3847 557 3889 non
579 3825 706 3908 patitur.

340 3933 447 4015 Atque
471 3937 507 3996 ut
530 3933 570 3996 ad
593 3938 734 3996 nostram
757 3932 912 4016 picturam
941 3934 1117 4009 redeamus,
1145 3938 1249 3997 totum
1277 3956 1373 4017 appa-

251 4044 356 4104 ratum
384 4039 562 4103 scaenicum
590 4064 608 4104 a
636 4041 800 4124 tragoedia
827 4039 966 4104 alienum
994 4062 1060 4104 esse
1088 4040 1152 4104 iam
1182 4041 1374 4119 monuimus3

251 4145 289 4208 de
322 4166 384 4228 quo
417 4151 489 4228 post
522 4146 647 4210 uberius
681 4147 919 4230 disputabimus
971 4146 1137 4212 Praeterea
1169 4151 1274 4211 autem
1307 4153 1374 4212 tota

251 4253 332 4316 actio
349 4252 482 4317 ridicula
499 4259 554 4318 est.
600 4254 741 4338 luppiter
757 4255 888 4318 deorum
904 4277 968 4334 rex,
991 4254 1024 4318 in
1048 4277 1161 4320 scaena
1183 4256 1250 4338 ipse
1274 4256 1373 4320 scalas
