3258 4794
699 258 930 317 ·-ar-

260 440 291 498 et
315 439 510 519 Μεσοτρίβας
532 439 564 498 et
588 433 763 518 Σαιοῦρνος
785 409 926 508 fabulae,
955 453 1089 516 quarum
1117 437 1229 496 neutra
1257 432 1384 517 (prioris

258 542 340 606 ratio
364 541 530 625 perspicua
551 561 616 604 non
640 540 699 624 est)
723 540 904 624 tragoediae
929 540 1062 604 alicuius
1085 539 1214 603 titulum
1238 540 1384 610 ostendit.

258 649 321 713 Sed
343 669 447 730 neque
470 646 549 730 Lydi
576 649 672 710 verba
699 647 797 710 talem
825 651 926 710 artam
956 647 1052 710 trium
1079 647 1209 712 illorum
1237 648 1384 712 coniunc-

258 756 379 820 tionem
407 753 566 838 flagitant‚
599 754 697 817 immo
724 753 804 817 nihil
833 753 918 818 aliud
946 754 973 817 is
993 770 1096 837 'quam
1125 755 1311 818 comoedias*
1331 776 1384 818 eos

154 861 157 866 ’
259 862 420 945 scripsisse
443 861 520 925 dicit
543 884 567 926 e.
592 883 621 944 q.
645 858 683 924 s'

347 969 449 1032 lmmo
473 968 648 1032 accuratius
664 961 742 1051 Lydi
766 968 861 1031 verba
885 967 1129 1051 interpretantes
1152 967 1202 1031 his
1226 968 1303 1051 ipsis
1326 989 1384 1032 nos

258 1075 400 1138 videmus
427 1073 587 1158 prohiberi
614 1096 654 1137 ne
682 1079 748 1138 tam
777 1079 845 1137 arte
873 1073 1107 1156 coniungantur
1138 1079 1202 1138 tres
1235 1074 1284 1138 illi
1316 1074 1384 1142 viri.

260 1179 362 1257 Quid?
391 1182 474 1265 quod
492 1180 639 1244 Blaesum
655 1181 783 1243 omnino
808 1203 846 1244 ue
870 1180 1048 1244 comoedias
1071 1180 1199 1263 quidem
1222 1181 1383 1263 scripsisse

259 1289 408 1352 audemus
436 1289 632 1354 contendere.
663 1269 767 1351 'Nam
795 1287 828 1351 in
856 1287 934 1370 Lydi
962 1288 1033 1350 loco
1060 1288 1185 1351 nullum
1213 1288 1384 1372 vestigium

217 1417 221 1422 ·
259 1395 436 1473 comoediae
452 1395 558 1458 Blaesi
574 1395 669 1471 inest;
693 1400 795 1458 cetera
809 1395 990 1458 testimonia
1006 1395 1228 1459 examinemus.
1267 1395 1382 1459 Athen.

257 1503 534 1581 ΠΙ,.111ιιανός,
559 1499 655 1586 άρτος
672 1503 869 1566 Μεσσάπιοι.
903 1505 955 1565 καὶ
979 1501 1036 1586 τὴν
1059 1501 1242 1588 πλησμονὴν
1265 1507 1384 1566 πανίαν

257 1609 310 1672 καὶ
333 1610 438 1673 πάνια
461 1607 502 1672 τά
525 1610 672 1694 πλήσμια
695 1610 831 1686 Βλαῖσος
854 1607 886 1674 ἐν
910 1614 1089 1695 Μεσοτρίβᾳ
1118 1611 1173 1673 καὶ
1196 1611 1384 1689 Δεινόλοχος

257 1713 289 1778 ἐν
302 1717 442 1801 Τηλέφῳ,
458 1713 590 1780 Ῥίνθων
604 1739 638 1779 τε
654 1714 687 1780 ἐν
701 1714 913 1802 Ἀμφιτρύωνι.
943 1715 1020 1781 Inde
1036 1719 1121 1800 quod
1137 1715 1382 1802 Dinolochusffl)

258 1827 289 1886 et
305 1822 467 1887 Rhiuthon
491 1824 661 1907 scriptores
685 1825 850 1888 dramatici
873 1829 955 1899 sunt,
980 1847 1044 1887 non
1068 1824 1211 1906 sequitur
1233 1824 1383 1888 Blaesum

257 1951 383 2014 quoque
408 1930 592 2014 scriptorem
616 1931 822 1993 dramaticum
845 1931 950 2006 fuisse,
973 1951 1044 1993 cum
1061 1931 1218 1994 Athenaei
1241 1952 1310 1994 mos
1333 1932 1383 2008 sit,

255 2040 292 2099 ut
320 2036 548 2100 diversissimos
575 2041 672 2100 testes
701 2037 886 2120 coniungat:
925 2060 988 2100 una
1022 2044 1127 2100 autem
1160 2041 1383 2100 enumerantur

256 2142 290 2205 hi
313 2147 377 2206 tres
400 2144 460 2208 viri
483 2149 612 2226 propter
636 2143 761 2207 dialecti
784 2144 1037 2221 similitudinem,
1066 2165 1138 2208 cum
1167 2145 1383 2230 unusquisque

257 2272 364 2314 eorum
389 2251 507 2314 Doride
531 2251 666 2315 dialecto
690 2275 764 2316 usus
789 2252 838 2318 sit.
884 2252 995 2334 ltaque
1018 2273 1081 2316 non
1106 2275 1185 2336 opus
1209 2257 1256 2316 cst
1279 2253 1382 2316 Meso·

255 2358 371 2421 tribam
395 2359 589 2422 comoediam
614 2381 689 2436 esse,
712 2382 751 2422 ne
773 2359 916 2422 fabulam
942 2359 1076 2440 quidem.

345 2464 458 2547 Neque
481 2465 513 2528 in
538 2467 637 2528 altero
660 2467 743 2542 loco,
773 2487 835 2548 quo
859 2464 991 2529 Blaesus
1016 2467 1055 2530 ab
1079 2465 1244 2530 Athenaeo
1268 2468 1383 2531 citatur

257 2568 328 2654 (XI,
362 2577 425 2634 487
459 2572 493 2656 l.)
527 2573 705 2636 comoediae
738 2573 926 2658 significatio
959 2574 1053 2636 inest:
1092 2574 1228 2649 Βλαῖσος
1259 2573 1291 2636 ἐν
1324 2583 1383 2637 Σα-

256 2679 377 2763 τούρνῳ
401 2680 495 2764 (μησὶν

925 2785 1009 2850 ἑπτὰ
1032 2787 1221 2868 μαθαλίδας

577 2892 683 2972 ἐυήρε’
708 2892 784 2975 ἁμῖν
806 2895 852 2957 τω
875 2895 1062 2978 γλυκυτάτω

256 3049 311 3113 ubi
327 3056 460 3113 metrum
479 3072 605 3133 quoque
630 3074 648 3112 a
671 3052 798 3135 dialogo
823 3054 995 3117 dramatico
1020 3054 1158 3118 alienum
1182 3053 1285 3140 esem).
1318 3055 1383 3118 He-

255 3158 382 3241 sychius
407 3158 462 3241 qui
486 3163 637 3242 quattuor
660 3159 725 3222 eius
749 3159 870 3242 glossas
894 3160 1037 3237 exhibet,
1065 3160 1145 3224 nihil
1174 3162 1253 3226 lucis
1283 3162 1382 3239 affert,

256 3287 328 3328 cum
356 3265 433 3328 dicit
465 3263 555 3350 παρὰ
584 3265 720 3348 Βλαίσιμ.
773 3265 894 3329 Cestius
925 3289 989 3350 quo
1022 3268 1055 3330 in
1082 3269 1239 3332 scribendi
1267 3290 1382 3353 genere

256 3372 388 3435 Blaesus
405 3376 545 3436 versatus
569 3372 620 3449 sit,
642 3371 759 3436 indicat
775 3372 953 3455 Stephanus
971 3373 1144 3456 Byzantius
1168 3397 1190 3438 s.
1208 3397 1235 3440 v.
1253 3383 1382 3461 Korrpiq

344 3475 508 3542 (ἐντεῦθεν
531 3469 567 3541 νίν
586 3480 722 3554 Βλαῖσος
745 3479 1052 3562 σισουδογελοίων
1075 3479 1211 3566 ποιητὴς
1234 3483 1383 3567 Κατιριά-

224 3749 227 3754 .
329 3710 360 3779 ³0)
380 3709 478 3763 Suidas
502 3729 522 3763 s.
542 3729 566 3764 v,
587 3708 752 3779 Δεινόλοχος
771 3706 962 3781 Συρακούσιος
984 3704 1000 3778 ἢ
1018 3704 1226 3781 Ἀκραγαντῖνος
1250 3708 1381 3778 κωμικός.

255 3787 288 3867 ἦν
308 3797 338 3852 τὲ
356 3794 401 3852 ἐπὶ
421 3802 467 3866 τῆς
487 3796 531 3865 σμ’
552 3791 737 3866 Ὀλυμπιάδος,
758 3793 816 3861 υίὸς
828 3791 1020 3868 Ἐπιχάρμον·’
1038 3791 1076 3861 ὦς
1094 3797 1124 3852 δέ
1143 3817 1222 3868 τινες,
1246 3796 1381 3868 μαθητίς.

254 3884 361 3952 ἐδίδαξε
380 3883 507 3958 δράματα
525 3885 562 3940 ιδ’
583 3889 684 3958 Δωρίδι
703 3887 845 3960 διαλέκτῳ,
1047 3885 1050 3894 “

328 3979 359 4047 ³¹)
378 3977 499 4031 Metrum
517 3975 576 4031 sine
595 3977 679 4031 dubio
700 3976 883 4029 trochaicum:
913 3975 972 4044 Ego
992 3975 1032 4028 sic
1051 3975 1168 4046 dispono

548 4077 617 4136 ἑπτὰ
635 4083 790 4150 μαθαλίδας
871 4085 877 4112 '
907 4124 923 4134 .
946 4103 994 4137 a
1014 4121 1034 4136 e
1062 4085 1069 4114 '

549 4183 640 4260 ἐπίχε’
660 4183 726 4257 ἁμῖν
745 4194 784 4242 τῶ
862 4173 908 4242 ,ὲ
928 4229 948 4242 ,
965 4233 991 4240 -
1005 4233 1031 4242 ..
1055 4193 1072 4238 ¹.

549 4294 712 4366 γλυκυτάτω
875 4281 895 4330 2
