3258 4794
699 208 918 263 *30-

335 376 403 441 lam
422 379 551 442 alteram
575 381 697 461 partem
720 379 1004 464 μεναρῥνιλμίοαος
1028 379 1148 442 duabus
1172 379 1373 460 potissimum

245 485 278 548 in
294 485 387 548 rebus
410 485 527 548 versari
551 485 761 568 cognovimns
782 485 816 548 in
839 485 961 548 vilitate
986 489 1017 549 et
1040 485 1193 549 sermonis
1217 490 1248 548 et
1271 484 1372 549 metri.

335 590 446 655 Restat
461 592 555 656 tertia
571 613 653 674 pars,
676 613 772 675 quam
791 591 824 654 in
848 614 884 656 eo
908 591 1045 674 positam
1067 591 1164 656 fuisse
1188 592 1372 677 significavi,

246 699 386 762 utactio
410 699 532 783 tragica
555 699 588 762 in
613 698 782 762 ridiculum
806 703 990 764 verteretur.
1011 751 1013 758 Α
1036 697 1145 775 Qualis
1170 699 1267 763 fuerit
1294 701 1372 781 haec

187 891 189 899 J
245 806 501 891 μεναῤῥύθμιοις
534 810 679 869 accurate
708 828 803 888 supra
836 807 1042 884 ostendimus,
1074 829 1146 872 cum
1178 809 1216 870 de
1250 807 1372 874 duobus

246 912 310 976 illis
326 913 457 996 picturis
469 911 690 976 saecularibus
707 933 880 996 ageremus,
904 935 1037 995 quarum
1060 914 1192 977 alteram
1217 914 1256 976 ad
1271 913 1372 977 Rhin-

246 1019 352 1083 thonis
368 1019 645 1101 Amphitruonem,
669 1020 709 1082 ad
725 1019 921 1103 Antigonam
941 1020 1072 1084 alteram
1096 1021 1254 1100 pertinere
1277 1042 1373 1103 supra

246 1127 338 1190 nobis
361 1126 581 1209 persuasimus,

336 1233 385 1297 Ne
409 1233 470 1297 hoc
493 1233 620 1316 quidem
643 1233 768 1297 silentio
792 1234 1042 1317 praetermittere
1065 1256 1204 1317 possum.
1249 1235 1373 1298 Dixerit

246 1340 379 1404 forsitan
407 1341 561 1423 quispiam
583 1340 662 1403 *inde
694 1339 868 1422 profectus
901 1340 986 1422 quod
1013 1340 1163 1424 phlyaces
1195 1341 1228 1403 in
1260 1363 1373 1405 scaena

246 1447 356 1530 phallo
379 1447 551 1510 instructos
575 1447 672 1510 fuisse
696 1446 778 1510 vasis
808 1448 1053 1524 demonstratur,
1081 1448 1190 1529 poesin
1216 1448 1372 1512 Bhintho-

247 1555 351 1616 nicam
380 1554 593 1617 obscoenitate
621 1553 776 1637 insignem
805 1554 902 1617 fuisse
936 1560 967 1617 et
999 1555 1191 1618 comoediam
1221 1555 1372 1620 Graecam

247 1652 424 1743 superasse3
456 1661 516 1724 hoc
539 1682 667 1743 prorsus
691 1661 879 1744 negaverim,
904 1683 974 1724 cum
995 1683 1052 1724 neo
1076 1661 1168 1725 huius
1187 1662 1232 1725 rei
1256 1661 1371 1730 habea·

248 1791 317 1831 mus
332 1753 548 1832 testimonium
563 1768 669 1832 necin
686 1757 872 1853 fragmentis
894 1769 1066 1851 quidquam
1083 1753 1186 1846 extet,
1209 1791 1272 1852 quo
1296 1753 1373 1837 haee

248 1875 403 1939 sententia
430 1874 658 1957 comprobetur.
710 1874 746 1938 ln
776 1876 883 1957 phallo
912 1881 1017 1938 autem
1045 1897 1108 1938 non
1138 1875 1373 1951 offendendum;

247 1981 328 2046 nihil
351 1982 433 2046 enim
463 1988 529 2046 erat
556 1983 617 2046 nisi
645 1982 824 2065 symbolum
854 1984 957 2046 cultus
982 1981 1127 2046 Bacchici
1155 2005 1225 2046 cum
1254 1983 1372 2046 hilaro·
1407 1999 1409 2004 '

243 2090 412 2173 'tragoedia
436 2095 502 2152 arte
527 2090 730 2153 cohaerentis.

337 2197 496 2259 Excursus
519 2197 590 2260 loco
615 2197 652 2260 de
677 2195 869 2260 Bhinthonis
897 2197 1108 2260 imitatoribus
1138 2197 1192 2281 qui
1220 2193 1373 2279 putantur

249 2302 336 2367 S'oira
361 2310 391 2367 et
409 2303 523 2367 Blaeso
548 2305 657 2381 dicam.
704 2303 765 2379 Qui
788 2303 848 2366 viri
871 2303 1080 2366 a-Laurentio
1104 2303 1191 2387 Lydo
1213 2327 1277 2368 una
1300 2324 1372 2368 oum

248 2410 432 2474 Rhinthone
460 2416 696 2495 enumerantur;
735 2433 796 2494 quo
824 2411 944 2474 factum
972 2415 1031 2486 est,
1059 2415 1095 2473 ut
1124 2433 1143 2474 a
1170 2411 1246 2474 viris
1274 2411 1373 2474 doctis

247 2518 423 2603 imitatores
446 2517 541 2581 fuisse
571 2522 752 2601 putentur)
777 2517 1064 2582 Sonlmerbrodtius
1092 2517 1212 2600 primus
1241 2541 1259 2581 a
1286 2518 1374 2601 poesi

249 2624 463 2688 Rhinthonioa
477 2611 538 2688 'eos
562 2625 657 2688 fuisse
687 2626 807 2688 alienos
836 2625 1039 2707 comprobare
1068 2625 1185 2699 studete
1219 2629 1314 2707 atque
1340 2626 1375 2688 in
1417 2607 1420 2612 ⁴

249 2733 310 2795 hoc
334 2733 460 2814 quidem
484 2754 555 2795 cum
579 2753 616 2794 eo
646 2732 822 2808 consentio,
851 2732 904 2794 sed
932 2732 964 2794 in
994 2731 1127 2815 singulis
1156 2732 1305 2795 dissentio
1334 2732 1374 2794 ab

250 2861 295 2916 eo,
319 2860 391 2901 oum
414 2838 596 2902 testimonia
619 2862 731 2923 parum
756 2842 901 2902 accurate
925 2838 1159 2903 examinaverit.

338 2944 471 3008 loannes
495 2946 599 3028 Lydus
622 2952 790 3030 postquam
815 2945 992 3009 comoediae
1016 2945 1230 3009 Romanorum
1255 2946 1374 3028 species

251 3053 444 3116 enumeravit
472 3054 523 3136 (de
550 3075 655 3138 magg.
683 3053 712 3130 Ι,
747 3054 801 3135 41)
831 3058 862 3117 et
889 3054 1086 3137 singularum
1114 3045 1260 3115 naturam
1287 3053 1375 3116 brevi

250 3160 403 3243 exposuit,
427 3160 505 3223 haec
528 3161 627 3224 addit:
661 3157 711 3222 ὅτι
735 3159 768 3222 δὲ
796 3157 968 3241 αναγκαῖον
996 3158 1188 3244 ἐμβραδῦναι
1217 3159 1262 3243 aql
1289 3160 1374 3243 λόγῳ

246 3267 425 3352 ’νοροςθήοω
454 3269 506 3329 καὶ
534 3267 638 3330 τοῦτο.
687 3271 834 3330 Ρίνθωνα
862 3268 915 3330 καὶ
940 3271 1053 3351 Σκίραν
1081 3267 1133 3329 καὶ
1157 3267 1294 3330 Βλαῑοον
1321 3268 1375 3330 καὶ

250 3372 324 3449 τοὺς
352 3369 467 3448 ἄλλους
495 3374 557 3436 τῶν
582 3378 811 3459 Πυθαγορείων
839 3373 929 3454 ἴομεν
958 3371 994 3436 οὐ
1022 3373 1143 3458 μικρῶν
1170 3372 1375 3456 διδαμμοίτων

250 3479 305 3544 ἐπὶ
328 3480 384 3564 τῆς
406 3481 546 3566 μεγάλης
569 3477 719 3556 Ἑλλάδος
742 3485 892 3564 γενέσθαι
915 3479 1102 3565 καθηγητὰς
1126 3481 1179 3543 καὶ
1210 3479 1375 3566 διαφερόν-

250 3613 313 3664 τως
328 3587 383 3652 τὸν
398 3585 560 3661 Ῥίνθωνα,
586 3585 620 3662 ὃς
636 3586 819 3672 ἑξαμέτροις
841 3585 963 3671 ἔγραψε
980 3586 1108 3670 πρῶτος
1124 3586 1292 3670 κωμῳδίαν
1307 3588 1372 3650 κνλ.

184 3683 187 3689 ’
339 3695 414 3759 Non
436 3718 605 3778 parvarum
629 3694 865 3777 disciplinarum
888 3693 921 3756 in
937 3694 1056 3778 Magna
1076 3693 1207 3758 Graecia
1232 3699 1375 3757 auctores

250 3805 347 3868 fuisse
363 3805 588 3880 Bhinthonem‚
612 3804 732 3868 Seiram
747 3803 896 3866 Blaesum
920 3803 965 3865 ait
981 3803 1097 3886 Lydus3
1129 3803 1188 3866 hos
1204 3806 1268 3868 tres
1291 3800 1389 3863 viros.

252 3911 389 3974 eiusdem
418 3910 600 3994 disciplinae
629 3910 725 3973 fuisse
753 3909 942 3994 rodquru'u
969 3930 1032 3972 non
1060 3910 1163 3972 solum
1192 3931 1256 3972 non
1289 3907 1374 3987 affir-¹

251 4019 362 4094 mavit,
395 4018 491 4080 immo
519 4017 661 4099 ineptum
691 4022 771 4080 esset
800 4016 964 4080 affirmare.
1016 4014 1127 4099 Itaque
1159 4016 1210 4080 vel
1242 4037 1279 4077 ex
1313 4015 1374 4078 hoc

250 4126 322 4203 loco
351 4146 404 4188 eos
432 4125 514 4188 inter
541 4146 574 4186 se
603 4125 740 4187 diversos
770 4124 866 4187 fuisse
899 4144 1014 4206 genere
1046 4123 1202 4186 scribendi
1235 4127 1374 4204 apparet.

252 4231 346 4293 Errat
370 4231 453 4293 enim
469 4230 754 4293 Sommerbrodtius
779 4252 851 4293 cum
875 4229 962 4292 dicit:
994 4227 1244 4292 ‘Adscribuntur
1259 4228 1374 4292 Blaeso
