3258 4794
724 213 944 270 -26„.

273 382 360 448 Semi
382 383 467 448 Delii
491 386 575 466 apud
600 385 713 448 Athen.
739 384 757 447 l.
782 385 803 451 l.
852 409 854 415 ’

277 547 280 554 ,
363 489 392 554 οἱ
408 490 442 554 δὲ
457 490 637 576 ἰθύφαλλοι
662 541 669 554 .
696 541 703 554 .
794 489 1002 576 περιέζωνται
1026 503 1210 574 ταραντῖνον
1233 492 1397 556 καλύπτον

273 594 389 673 αὐτοὺς
411 601 505 682 μέχρι
528 598 591 662 τών
613 598 749 684 αφυρων.
855 601 858 606 ’

1029 733 1055 750 „1
1088 711 1108 750 s

272 739 408 824 Hesych.
433 739 455 807 s.
480 753 506 806 νζ
532 749 736 824 Ταραντῖνον·

361 847 489 928 ἱμάτιον
521 859 697 930 γυναικεῖον
729 839 848 912 λεπτὸν
880 847 1036 932 νριιιιινινιν”δ”ςζι
1068 845 1140 927 ἕχον
1172 846 1205 911 ἐκ
1240 847 1298 910 τοῦ
1329 846 1397 923 ἑνὸς

271 959 395 1040 μέρους.
641 949 645 958 ’

273 1097 414 1186 Pollucis
437 1094 492 1174 IV,
519 1103 580 1161 104
893 1175 894 1180 η
1020 1180 1022 1184 .

274 1269 277 1274 ,
361 1203 391 1266 οἱ
406 1203 438 1266 δὲ
456 1205 602 1286 γύπωνες
621 1205 752 1283 ξυλίνων
775 1203 886 1280 ποδῶν
908 1193 1124 1288 ἐπιβαίνοντας
1148 1202 1306 1288 ὠρχοῦντο
1330 1203 1399 1267 δια-

273 1311 358 1396 φανῆ
386 1311 605 1395 Ταραντινίδια
630 1308 861 1394 ἀμπεχόμενοι,

230 1442 234 1448 ’
276 1454 414 1518 eiusdem
437 1453 507 1530 VH,
533 1460 572 1518 76

315 1645 318 1652 Δ
361 1562 412 1624 καί
436 1560 499 1646 μὴν
522 1561 595 1644 τόγε
623 1561 856 1646 Ταραντινίδιον
878 1561 1031 1646 διαφανές
1054 1559 1137 1632 ἐστιν
1166 1551 1295 1646 ἕοδηίια
1323 1559 1398 1624 ὠνο-

271 1673 432 1750 μασμένον
455 1667 524 1733 οίπὸ
548 1669 604 1753 τῆς
631 1674 829 1753 Ταραντίνων
853 1669 989 1754 χρήσεως
1012 1671 1065 1734 καὶ
1086 1667 1267 1754 anemium)

361 1811 576 1876 Tarentinidia
600 1835 618 1875 a
641 1811 886 1876 Tarentinorum
909 1835 968 1875 usu
991 1816 1023 1876 et
1045 1813 1171 1876 luxuria
1199 1835 1313 1877 nornen
1342 1814 1397 1877 du-

272 1924 398 1995 xerunt3
428 1919 614 2003 anaxyrides
631 1941 757 2002 quoque
772 1924 903 2002 propter
919 1919 1085 1983 mollitiem
1102 1925 1134 1982 et
1149 1920 1306 1984 luxuriam
1330 1925 1398 1984 tota

271 2025 365 2091 Italia
381 2033 469 2090 erant
485 2027 622 2090 famosae
642 2023 744 2111 neque
767 2025 845 2088 mihi
870 2026 996 2109 quidem
1020 2026 1150 2090 dubium
1175 2027 1298 2090 videtur
1322 2027 1398 2110 quin

272 2155 340 2210 eae,
368 2156 465 2216 quum
490 2134 529 2196 ab
554 2134 683 2197 orientis
709 2133 858 2217 gentibus
883 2134 1036 2217 originem
1061 2134 1220 2212 duxerint,
1249 2137 1282 2196 in
1305 2132 1399 2198 Italia

272 2241 409 2323 primum
427 2265 445 2304 a
461 2239 639 2304 Tarentinis
655 2241 688 2303 in
705 2263 797 2304 usum
813 2245 957 2325 receptae
973 2241 1044 2318 sint,
1068 2243 1151 2305 unde
1166 2242 1198 2304 in
1222 2247 1397 2306 ceterorum

273 2370 399 2432 quoque
421 2347 575 2412 Italorum
598 2370 690 2412 usum
713 2353 931 2431 pervenerunt.

361 2455 491 2532 Deinde,
508 2477 605 2539 aeque
622 2459 719 2538 atque
736 2456 929 2538 anaxyrides
945 2453 1160 2520 Tarentinidis
1176 2477 1289 2538 corpus
1304 2459 1397 2538 μέχρι

271 2563 334 2625 των
349 2562 476 2647 οφυρων
491 2562 654 2646 tegebant3
682 2585 784 2646 neque
800 2563 1004 2646 cogitandum
1021 2568 1067 2625 est
1084 2563 1121 2625 de
1144 2562 1283 2626 vestibus
1306 2561 1396 2626 femi-

271 2692 384 2734 narum
399 2670 563 2747 similibus,
586 2693 660 2733 nam
676 2671 846 2734 secundum
864 2669 1004 2733 Pollucis
1024 2671 1044 2733 l.
1061 2671 1080 2732 l.
1097 2670 1242 2751 γίπωνες
1265 2669 1397 2747 ξυλίνων

271 2776 381 2840 ποδων
404 2774 620 2858 ἐπιβαίνοντες
649 2773 809 2861 ὠρχοῦντο
835 2774 976 2860 διαφανῆ
1003 2774 1223 2860 Ταραντινίδια
1252 2773 1396 2855 α’μπεχιί-

271 2906 370 2965 μενοι.
417 2881 486 2946 Hos
515 2883 599 2945 enim
627 2883 775 2951 artifices.
804 2905 874 2946 cum
903 2884 1069 2959 saltarent,
1096 2888 1198 2947 vestes
1227 2881 1396 2945 muliebres

270 2991 409 3053 induisse
432 2988 616 3053 incredibile
640 2995 701 3067 est,
729 2991 813 3072 quod
836 3012 965 3074 prorsus
989 3013 1007 3052 a
1031 2995 1171 3052 veterum
1196 2989 1338 3052 moribus
1366 2994 1398 3051 et

272 3097 498 3160 consuetudine
523 3097 713 3160 abhorreret.
722 3094 762 3182 24)
801 3097 876 3160 Non
901 3097 1031 3160 dubium
1055 3101 1102 3159 est
1126 3096 1202 3180 quin
1231 3095 1396 3159 vestimen·

271 3207 353 3279 tum,
382 3204 475 3286 quale
504 3207 577 3266 sunt
605 3204 805 3286 anaxyrideS‚
838 3203 967 3267 induere
995 3203 1081 3266 soliti
1114 3207 1185 3266 sint.
1237 3206 1397 3286 Atacem„-

271 3332 345 3373 vero
370 3315 401 3373 et
424 3309 544 3373 λεπτόν
567 3311 627 3374 hcc
656 3311 879 3375 vestimentum
907 3310 968 3374 dici
996 3331 1059 3373 non
1087 3313 1202 3373 mirum
1231 3315 1291 3382 est;
1323 3331 1396 3372 nam

272 3441 343 3482 cum
372 3419 410 3480 ad
441 3417 540 3481 totius
568 3419 710 3500 corporis
738 3417 874 3481 formam
903 3423 969 3482 arte
997 3440 1029 3481 se
1057 3417 1274 3500 applicaverit,
1302 3422 1396 3479 tenue

272 3547 338 3588 esse
363 3524 498 3587 debebat
520 3529 552 3587 et
575 3522 728 3608 διαφανὲς
752 3547 850 3608 aeque
874 3529 970 3608 atque
993 3522 1235 3608 anaxyrides.²⁶)

360 3631 504 3714 Denique
528 3631 621 3695 Semo
654 3635 781 3693 auctore
805 3629 980 3714 lthyphalli
1010 3628 1217 3714 περιέζωνται
1249 3638 1398 3713 Τυραννι-

343 3826 375 3894 93)
395 3825 429 3878 cf.
444 3825 529 3879 etiam
543 3824 654 3878 Suidam
673 3843 692 3878 s
708 3843 733 3878 v.
751 3825 971 3895 Ταραντινίδιον
999 3819 1101 3878 λεπτὸν
1120 3827 1167 3878 καί
1185 3821 1316 3891 διαφανὲς
1335 3818 1395 3887 ίμά-

272 3934 343 3979 τιον,
368 3908 402 3968 οδ
420 3911 531 3977 πάντως
553 3919 716 3985 πορφυροῦν
740 3905 778 3978 ὥς
801 3931 874 3978 τινες
897 3907 1037 3984 ὑπέλαβον
1059 3918 1118 3970 κτλ.
1156 3913 1240 3968 verba
1263 3929 1335 3979 quae
1358 3928 1397 3964 se·

272 4008 396 4072 quuntur
414 4002 568 4058 Nicostrati
587 4007 717 4072 corrupta
735 4007 807 4057 sunt.

344 4075 376 4144 Ἡ)
395 4076 494 4143 Itaque
510 4073 636 4143 Hesychii
649 4070 759 4140 ἱμάτιον
772 4083 929 4142 γυναικεῖον
948 4092 1004 4128 non
1024 4075 1186 4129 vertendum
1205 4076 1248 4127 est
1265 4065 1398 4126 ‘Francu-

271 4158 368 4234 kleid',
389 4164 437 4218 sed
455 4157 631 4218 ‘weibisches
650 4157 744 4218 Kleid’
764 4168 849 4232 atque
868 4163 990 4233 pertinet
1009 4164 1045 4217 ad
1063 4160 1177 4234 τρυφὴν.

343 4253 375 4322 ²⁶)
396 4252 551 4306 Constabat
569 4257 663 4306 autern
682 4251 794 4307 Polluce
814 4256 925 4306 auctore
944 4252 1013 4321 (VII,
1034 4254 1077 4321 76)
1097 4249 1129 4305 ἐκ
1147 4255 1307 4322 βομβυκων.
