3258 4794
732 1057 854 1160 Caput
882 1057 925 1139 ll.
1036 1035 1038 1040 ⁵

363 1254 627 1355 Fragmenta
656 1252 909 1362 eomoediae
938 1253 1284 1336 Rhinthonieee.

354 1415 620 1532 Testimonium
643 1465 837 1530 Rhinthonis
860 1466 927 1529 vita
950 1470 982 1530 et
1010 1461 1098 1549 poesi
1123 1488 1195 1530 oum
1224 1466 1257 1529 in
1285 1461 1391 1549 priore

260 1580 353 1658 parte
382 1573 606 1657 disputationis
637 1572 933 1646 examinaverimus,
965 1567 1042 1638 satis
1072 1579 1120 1637 est
1149 1595 1186 1636 ea
1220 1574 1281 1638 hoe
1318 1573 1389 1638 loeo

261 1661 468 1763 componere,
499 1685 535 1743 41
564 1701 627 1763 quo
656 1679 805 1762 quodque
837 1680 907 1742 loeo
935 1684 1105 1744 tractatum
1134 1680 1175 1743 sit
1203 1701 1392 1764 cognoscere

264 1787 375 1870 possis.

354 1893 498 1959 Nossidis
521 1895 555 1958 in
578 1893 708 1958 Anthol.
732 1893 833 1958 Palat.
855 1893 921 1972 VII,
945 1900 1008 1958 414
1034 1894 1229 1978 epigramma
1252 1889 1394 1978 adserip-

261 2007 334 2067 tum
357 2007 405 2065 est
427 2023 499 2086 pag.
526 2007 553 2065 1.
1294 1997 1311 2018 ⁵
1340 2019 1342 2022 ·

355 2107 462 2191 Steph.
486 2108 560 2191 Byz.
584 2131 607 2174 4.
631 2130 660 2172 v.
687 2108 791 2194 Τάρας
815 2108 885 2172 vide
909 2110 1014 2172 adnot.
1039 2115 1068 2172 2.

355 2215 406 2281 J0.
430 2215 615 2281 Laurentius
643 2215 749 2299 Lydus
776 2216 815 2279 de
843 2236 947 2300 magg.
971 2215 995 2293 l,
1019 2223 1060 2280 40
1086 2219 1174 2280 extat
1201 2237 1273 2300 pag,
1300 2220 1339 2280 11
1365 2220 1397 2280 et

261 2345 337 2408 pag.
363 2330 414 2388 30.
861 2385 864 2389 .
1037 2339 1040 2346 ⁴
1347 2319 1351 2325 ’

355 2430 467 2496 Suidas
491 2454 515 2496 s.
539 2453 566 2494 v.
589 2428 722 2493 Ῥίνθων
746 2431 922 2514 adscriptus
946 2437 994 2495 est
1016 2451 1088 2514 pag.
1114 2437 1141 2494 2.

357 2536 503 2601 Eustath.
527 2537 576 2602 ad.
599 2536 693 2601 Dion.
715 2536 838 2620 Perieg.
862 2559 890 2600 v.
916 2543 979 2600 376
1005 2588 1011 2600 .
1037 2586 1043 2600 .
1069 2537 1139 2602 adn.
1166 2545 1193 2602 3.

358 2643 501 2720 Quorum
528 2643 716 2708 Eustathins
750 2647 805 2707 441
828 2666 867 2708 ex
900 2643 1063 2729 Stephano
1090 2643 1246 2727 Byzantio
1278 2644 1396 2721 hausit,

263 2757 322 2816 aut
345 2756 478 2837 uterque
501 2745 610 2816 eodem
634 2751 917 2836 extortamque
942 2752 1037 2816 bono.
1083 2751 1132 2815 Ea
1156 2773 1289 2836 quoque,
1313 2748 1397 2835 quae

263 2857 379 2922 Suidas
407 2860 445 2923 de
469 2859 534 2924 vita
558 2858 751 2924 Rhinthonis
780 2859 920 2942 scripsit,
947 2858 1069 2922 bonum
1095 2858 1218 2923 fontem
1243 2859 1396 2936 redolent,

266 2964 518 3029 Alexandrinum
539 2965 766 3042 conitiorum
786 2970 921 3030 aetatem
944 2965 1137 3030 Rhinthonis
1159 2988 1197 3029 ex
1217 2965 1394 3030 Ptolemaei

262 3072 461 3155 temporibus
492 3073 677 3148 constituat3
708 3095 811 3156 neque
838 3072 898 3136 hoe
927 3073 1042 3138 mirum
1074 3078 1135 3150 est,
1158 3096 1228 3138 eum
1256 3073 1395 3156 plurima

264 3200 480 3262 eorumquae
508 3179 591 3262 apud
616 3177 743 3242 Siridam
772 3178 811 3242 ad
840 3179 1061 3263 biographiam
1089 3180 1258 3262 pertinent,
1286 3181 1396 3264 magni

263 3285 363 3370 pretii
385 3285 456 3350 sint.
797 3277 798 3280 ¹

355 3391 458 3456 Nemo
483 3413 592 3456 eorum
616 3391 814 3475 scriptorum,
838 3388 980 3476 quorum
997 3393 1072 3457 libri
1096 3394 1135 3456 ad
1151 3397 1293 3457 nostram
1309 3399 1397 3457 aeta·

263 3506 331 3565 tem
358 3504 581 3584 pervenerunt,
612 3499 806 3568 Rhinthonis
834 3499 919 3582 ipsae
946 3499 1074 3564 fabulas
1102 3503 1175 3564 ante
1204 3500 1312 3565 444144
1340 3500 1397 3564 ha·

265 3605 397 3692 14411314
414 3609 469 3671 sed
479 3607 585 3670 omnia
600 3606 779 3691 fragmenta
794 3607 1100 3691 glossographorum
1115 3606 1227 3670 studiis
1238 3607 1396 3671 debemus

358 3712 427 3789 Quo
451 3714 570 3778 fautum
588 3717 645 3791 est,
668 3717 704 3777 41
727 3713 846 3791 omnia,
871 3736 950 3797 quae
974 3718 1156 3796 supersunt,
1180 3712 1296 3796 exigua
1319 3712 1397 3789 sint;

258 3822 453 3905 plerumque
470 3819 567 3884 habes
577 3821 694 3884 nudam
710 3821 860 3905 glossam,
877 3821 1033 3883 interdurn
1050 3843 1130 3884 unus
1141 3806 1248 3884 versus
1259 3820 1397 3898 additur,

265 3928 390 3992 duobus
414 3927 491 3991 loeis
515 3928 577 3991 duo
600 3928 768 4014 adduntur.

358 4033 534 4116 Scriptores
563 4035 617 4124 qui
632 4035 822 4118 ¹fragmenta
850 4033 1043 4104 Rhinthonis
1071 4033 1216 4111 tradunt,
1248 4037 1323 4097 4441
1350 4033 1398 4098 hi:

266 4139 387 4219 Cicero,
410 4141 601 4223 Apollonius
617 4141 783 4224 Dyscolus,
806 4140 1013 4222 Hephaestio,
1037 4139 1247 4219 Herodionus,
1270 4140 1398 4217 Pollux,

309 4373 313 4378 ·
359 4354 391 4422 ³⁰)
410 4353 471 4423 lpse
489 4353 542 4408 hoe
561 4353 596 4407 de
615 4370 643 4407 se
661 4353 766 4408 fatetur
784 4350 883 4406 Pollux
901 4353 933 4418 X,
953 4353 995 4408 35.

1142 4443 1180 4496 3*
