3258 4794
707 265 924 321 „27-

252 431 361 504 νίόιονι
394 439 425 497 et
442 435 627 517 anaxyrides
644 458 769 519 quoque
786 459 864 500 zoua
882 437 1001 500 cinctas
1018 435 1115 499 fuisse
1131 459 1227 519 supra
1250 436 1379 499 demon·

219 563 224 578 ⁸
253 539 431 604 stravimus.
993 535 995 544 ‘
1364 539 1367 544 '

343 644 429 722 Quae
457 670 528 712 cum
556 650 600 712 ita
634 651 708 727 sint,
741 673 806 714 non
838 656 915 735 puto
949 651 1157 715 dubitandum
1190 672 1270 727 esse,
1304 650 1380 732 quin

253 753 469 818 Tarentinidia
491 757 611 820 diversa
634 780 697 822 non
722 757 840 822 fuerint
863 759 903 821 ab
928 757 1160 841 anaxyridibus.
1206 757 1318 840 Itaque
1340 772 1387 820 ne·

252 860 284 924 id
313 861 440 944 quidem
469 863 597 940 mirum,
630 865 714 947 quod
744 863 881 928 Athenis
910 886 1036 947 qnoque
1069 865 1152 946 apud
1179 863 1408 946 lthyphallos·

252 969 314 1032 hoc
337 990 437 1053 genus
466 970 645 1034 vestimenti
673 971 861 1053 reperimus,
890 970 1007 1054 quippe
1036 993 1116 1054 qnos
1146 971 1245 1034 eidem
1273 971 1381 1054 generi

253 1076 407 1140 artificum
433 1079 482 1144 cui
505 1077 654 1161 phlyaces
679 1078 897 1144 attribuendos
921 1101 988 1141 esse
1012 1078 1329 1161 comprobaverimus.
1368 1155 1370 1164 y

288 1237 291 1242 .
341 1183 447 1266 Atque
465 1185 502 1247 de
527 1185 750 1268 anaxyridibus
774 1185 902 1269 quidem
925 1187 1086 1249 hactenus.
1134 1185 1236 1270 Supra
1260 1207 1311 1248 cas
1336 1184 1380 1246 ab

252 1296 354 1354 terum
364 1291 586 1356 vestimentum
595 1293 786 1356 induebatur
794 1299 904 1376 pectus
914 1298 1120 1376 ventremque
1129 1298 1239 1376 tegens
1255 1292 1380 1374 phallo-

254 1421 313 1482 que
329 1399 520 1476 instructum
536 1400 672 1466 informi.
719 1400 798 1464 Erat
815 1405 920 1464 autern
936 1400 997 1464 hoc
1013 1401 1235 1464 vestimentum
1255 1403 1381 1481 praeter

252 1505 381 1572 modum
404 1505 537 1579 fartum,
565 1504 611 1572 ita
633 1510 669 1568 ut
693 1506 868 1569 abdominis
892 1507 1027 1590 speciem
1056 1504 1232 1590 praeberet:
1252 1509 1298 1568 ¹et
1326 1529 1380 1568 au-

253 1611 350 1694 gebat
374 1611 441 1672 sine
466 1609 561 1674 dubio
585 1612 650 1674 vim
674 1613 828 1676 comicam
858 1613 884 1677 is
913 1614 1049 1679 habitus.
1096 1613 1245 1677 Phallum
1275 1618 1379 1676 autern

253 1715 285 1780 ἐν
312 1721 418 1797 μέσοιι,1
446 1729 513 1793 τοῖς
540 1719 653 1803 1rrrspocg
681 1721 854 1804 portabant
881 1722 1026 1805 (Hesych.
1051 1745 1073 1785 s.
1099 1743 1124 1784 v.
1150 1720 1319 1810 φαλλικόν)
1350 1726 1381 1784 et

253 1845 325 1886 euin
342 1824 467 1908 quidem
484 1825 626 1888 οκιὲνινον
646 1831 837 1908 καθειμένον
852 1825 989 1911 ἐρυθρὸν
1005 1825 1039 1906 ἐξ
1055 1823 1153 1911 ἄκρου
1177 1827 1278 1905 παχύ,
1304 1849 1380 1911 qua-

253 1932 316 1994 lern
337 1932 489 1996 describit
512 1932 741 2016 Aristophanes
766 1933 850 1999 Nub.
869 1941 931 1998 537
955 1957 1005 2018 sq;
1038 1956 1174 2017 quocum
1198 1957 1273 1997 vasa
1296 1934 1381 2017 picta

253 2039 469 2110 consentiunt,
497 2062 570 2102 narn
593 2041 720 2122 phallus
745 2045 776 2103 et
803 2041 899 2104 rubro
929 2031 1033 2116 colore
1060 2041 1164 2123 pictus
1193 2046 1240 2104 est
1267 2046 1299 2104 et
1326 2065 1380 2102 κα-

253 2149 411 2227 θειμένος.
432 2185 471 2192 -
495 2144 585 2222 Quod
608 2148 830 2211 vestimentum
856 2169 917 2230 quo
941 2148 1009 2210 iure
1033 2171 1051 2210 a
1075 2148 1251 2211 Wieselero
1275 2147 1380 2228 σωμά-

252 2275 320 2316 τιον
344 2253 533 2337 appelletur,
563 2254 640 2318 mihi
664 2277 727 2318 non
751 2249 886 2337 liquet·¹
907 2255 1027 2320 Verum
1055 2256 1128 2318 huic
1157 2254 1380 2338 significationi

253 2365 417 2444 oppugnat
433 2360 573 2424 Pollucis
589 2361 807 2424 testimonium
823 2362 866 2444 (4,
893 2362 981 2443 llol:
1009 2362 1062 2423 rol
1079 2359 1170 2444 οκεοὴ
1194 2359 1252 2441 μὲν
1278 2357 1293 2444 rj
1318 2360 1380 2422 criu

252 2463 435 2550 ’ὑποκριτῶν
450 2465 558 2528 aaut·
594 2463 738 2550 ἡδάὐνὴ
755 2467 808 2529 καὶ
829 2467 990 2546 σωμάτιον
1014 2464 1164 2528 ἐκαλεῖτο.
1213 2466 1380 2545 Σιομοίνιον

254 2572 353 2657 igitur
377 2577 481 2636 toturn
505 2578 693 2656 apparatum
716 2573 893 2636 scaenicum
918 2579 1060 2636 actorum
1085 2573 1250 2657 significat.

256 2720 259 2725 -
342 2679 511 2744 Praeterea
534 2679 812 2743 animadvertimus
837 2679 1022 2755 exomidem
1046 2679 1125 2742 vesti
1145 2678 1308 2754 comicum,
1333 2701 1379 2756 χι-

253 2787 337 2850 νιῦνα
360 2786 471 2850 λεοκὸν
494 2784 615 2872 ἄσημον
638 2785 720 2851 κατὰ
745 2785 801 2871 τὴν
826 2785 992 2871 οἰριονεριὶν
1020 2783 1161 2870 πλευρὰν
1189 2782 1294 2869 ῥαφὴν
1323 2783 1379 2847 οὐκ

254 2891 367 2970 ἔχοντα
392 2893 534 2977 (Pollux)
559 2900 590 2958 et
613 2894 828 2979 ἑννιβλήμανα.

344 3000 431 3076 Quae
460 3002 567 3065 omnia
593 3023 658 3064 non
685 3025 723 3064 ex
751 3003 916 3085 tragoedia
943 3000 1043 3082 petita
1071 3005 1143 3062 sunt
1171 2999 1225 3062 sed
1255 3005 1309 3062 aut
1342 3021 1380 3062 ex

255 3106 371 3170 Bacchi
395 3108 482 3171 cultu
505 3112 560 3170 aut
589 3131 626 3171 ex
655 3108 723 3191 ipsa
752 3107 921 3171 comoedia.
968 3105 1246 3189 Hilarotragoedia
1274 3110 1381 3169 autem

257 3215 357 3277 multa
382 3215 475 3277 etiam
501 3237 538 3278 ex
562 3215 684 3298 tragico
708 3214 824 3277 vestitu
849 3213 997 3290 servavit,
1027 3216 1185 3295 sceptrum
1209 3217 1240 3275 et
1267 3212 1381 3276 tiaram

255 3327 287 3385 et
314 3321 469 3406 φαινόλην
498 3323 604 3406 (quem
633 3343 670 3384 ex
694 3320 887 3384 Rhinthonis
911 3319 1078 3404 Iphigenia
1101 3318 1236 3382 Taurica
1264 3318 1381 3383 Pollux

255 3428 369 3512 affert),
394 3424 485 3512 ὄγκον
509 3429 651 3511 denique,
675 3428 729 3510 qui
753 3429 843 3510 quasi
867 3427 1030 3510 proprium
1053 3448 1258 3508 personarum
1282 3427 1380 3509 tragi-

248 3529 361 3600 'carnm
389 3536 577 3599 attributum
605 3534 729 3619 erat.‘²‘³)
778 3535 944 3598 Abstinuit
973 3556 1046 3597 vero
1072 3533 1239 3597 Rhinthon
1268 3555 1300 3596 sc
1329 3555 1380 3596 co-

255 3644 385 3719 thurn03
417 3644 513 3706 immo
535 3665 643 3708 omnes
667 3642 846 3706 comoediae
863 3641 1094 3706 lthinthonicae
1117 3660 1266 3722 personas
1290 3639 1381 3702 nudis

254 3750 387 3842 pedibus
410 3751 443 3814 in
467 3773 578 3813 scaena
602 3751 702 3834 egisse
726 3750 802 3832 ipsis
826 3749 908 3812 vasis
931 3749 1023 3831 pictis
1048 3744 1335 3828 demonstraturll)

326 4034 359 4102 ¹²⁰)
375 4027 487 4102 Ὄγκας·
500 4033 549 4102 qui
573 4051 606 4087 ex
628 4031 796 4086 Rhinthonis
815 4030 960 4100 Iphigenia
979 4029 1098 4084 Aulidea
1122 4048 1138 4082 a
1161 4028 1274 4083 Polluce
1294 4030 1322 4094 7,
1347 4030 1382 4082 90

256 4122 367 4192 citatur,
389 4124 543 4178 calceorum
555 4140 643 4192 genus
658 4127 711 4186 est;
736 4120 784 4175 sed
796 4120 872 4175 locus
891 4124 1037 4189 corruptus
1057 4123 1106 4173 est.
1125 4119 1279 4173 Emendavi
1294 4140 1322 4185 p.
1336 4122 1381 4178 inf.

328 4213 360 4281 ²⁷)
380 4210 585 4266 Commemorat
602 4211 715 4265 Polluce
735 4213 846 4264 auctore
865 4209 1009 4263 Rhinthon
1027 4208 1076 4262 ille
1096 4208 1207 4276 quidem
1230 4203 1329 4261 κὰλτιιι
1353 4212 1382 4260 et

258 4298 425 4368 Κολοφώνιοι
444 4300 474 4353 in
486 4300 633 4370 Iphigenia
652 4299 778 4370 Aulidea,
798 4299 952 4352 calceorum
972 4316 1087 4367 genera3
1117 4298 1164 4352 sed
1183 4297 1300 4351 irrisisse
1319 4315 1382 4350 cum
