3258 4794
700 306 921 363 ,37-

247 469 355 542 menta
382 476 597 544 Rhinthonioa
624 500 688 541 una
716 499 787 542 oum
811 479 995 561 quaestione
1024 477 1180 542 editurum
1210 500 1277 542 esse
1304 501 1379 562 pro-

248 583 345 647 misit.
368 631 371 636 -
617 589 618 592 ’

439 760 652 836 ,comoediae
676 763 939 838 Rhinthonioae
963 762 1181 846 fragmenta.
1233 849 1235 852 Ι

730 903 893 970 Orestes.

445 1097 446 1100 ,
776 1035 828 1108 ,1.
863 1047 866 1052 “
967 1069 968 1074 ¹
1155 1067 1157 1078 ·

342 1135 539 1219 Hephaestio
562 1135 622 1213 l,6
648 1136 707 1220 (ed.
723 1135 902 1219 Westphal.
926 1134 954 1212 Ι,
982 1141 1018 1201 11
1047 1138 1093 1202 ed.
1118 1137 1226 1222 Gaias.)
1250 1135 1380 1202 Ῥίνθων
1488 1167 1491 1172 “

245 1242 305 1324 μὲν
327 1241 388 1330 γὰρ
403 1244 457 1306 καὶ.
479 1239 512 1306 έν
534 1241 641 1328 ἰάμβῳ
658 1240 871 1328 ἐπισημασίας
894 1239 1006 1327 ἠξίωσε
1029 1241 1067 1308 τὸ
1083 1243 1242 1308 τοιοῦτον·
1267 1242 1299 1308 έν
1314 1243 1376 1330 γὰρ

247 1347 390 1435 Ὀρέστῃ
415 1348 556 1435 δράματί
578 1369 673 1435 φησιν
961 1347 962 1350 “

462 1454 505 1532 ὡς
528 1456 561 1520 οὲ
585 1456 736 1532 Διόνυσος
759 1454 857 1531 αὐτὸς
880 1455 984 1543 ἐξώλη
1007 1461 1079 1542 θείη
1162 1513 1165 1520 .

461 1561 682 1638 Ἱππώνακτος
704 1561 746 1626 τὸ
765 1554 892 1648 μέτρον·
920 1560 1010 1627 οὐδέν
1032 1587 1089 1646 μοι
1112 1565 1210 1647 μέλει.
1311 1575 1313 1578 ’

338 1671 514 1755 Exsoripsit
541 1671 626 1735 huno
653 1671 758 1735 locum
784 1670 940 1756 Georgius
964 1671 1202 1738 Choerobosous
1228 1680 1302 1753 553,
1326 1682 1376 1740 22.

239 1761 361 1854 ’Ἄλλως
390 1799 425 1840 τε
453 1776 496 1858 δὲ,
509 1777 669 1854 πολλάκις
691 1773 887 1863 εὑρίσκονται
911 1779 965 1841 καὶ
988 1775 1021 1840 ἒν
1045 1789 1112 1854 τοῖς
1140 1783 1268 1864 μέτροις
1295 1778 1378 1844 oino-

246 1885 398 1948 τελοῦντα
426 1883 483 1970 τὴν
509 1882 616 1970 κοινὴν
643 1883 801 1970 συλλαβὴν
825 1883 863 1948 τὸ
888 1893 952 1947 ΚΤ
971 1886 1024 1949 καὶ
1049 1895 1082 1948 II
1088 1893 1114 1948 T
1133 1884 1177 1962 (ὃς
1202 1937 1376 1952 ......

246 1990 283 2056 τὸ
308 1991 341 2056 δὲ
365 2000 428 2055 ΚΤ
447 1989 489 2068 aig
513 1989 604 2078 παρὰ
628 1987 771 2055 Ῥίνθιονι
1152 1992 1155 1998 ‘

460 2097 680 2175 Ἱππώνακτος
702 2097 740 2163 τὸ
763 2103 891 2185 μέτρον·
917 2097 1007 2162 οὐδέν
1029 2124 1086 2180 μοι
1109 2101 1206 2182 μέλοι.
1323 2161 1325 2166 .

338 2208 415 2300 ¹Quis
448 2230 557 2272 sensus
596 2207 671 2276 insit
703 2207 736 2270 in
768 2207 819 2272 his
852 2208 956 2272 verbis
989 2207 1198 2288 Rhinthom's,
1231 2215 1377 2275 accurate

245 2335 317 2398 pag.
337 2319 375 2378 17
395 2336 440 2398 sq.
458 2319 490 2379 et
506 2321 548 2379 28
565 2337 611 2398 sq.
635 2315 707 2378 diss.
731 2319 857 2379 nostrae
882 2311 1094 2399 exposuimus.
1116 2353 1158 2364 -—
1179 2315 1375 2400 Hephaestio

244 2421 312 2506 agit
328 2422 366 2485 de
382 2444 419 2486 ea
434 2444 477 2499 re,
501 2445 581 2506 quae
604 2419 800 2506 έπισημαοία
816 2421 931 2486 dieitur
947 2445 965 2484 a
981 2423 1189 2506 scriptoribus
1205 2424 1252 2488 rei
1267 2425 1376 2489 metri-

245 2551 313 2606 eae3
341 2529 378 2592 fit
401 2532 508 2592 autem
530 2526 740 2614 ἒπιοημαοία,
770 2528 797 2590 si
821 2528 945 2611 syllaba
967 2529 1125 2612 positione
1154 2531 1253 2614 longa
1276 2534 1374 2596 corri-

245 2636 344 2719 pitur:
377 2637 461 2719 apud
488 2634 705 2700 Rhinthonem
734 2635 768 2697 in
792 2635 951 2700 ¹vocabulo
966 2633 1216 2714 .‘Irmcovarroe‚
1246 2639 1265 2705 i.
1290 2663 1315 2704 e.
1341 2641 1375 2704 in

244 2744 373 2808 nomine
396 2743 534 2828 proprio,
558 2743 613 2806 ubi
628 2742 748 2806 maiore
764 2741 910 2807 libertate
926 2743 1028 2807 utitur
1048 2750 1192 2811 metrum.
1231 2746 1374 2812 Priorem

244 2871 371 2915 versum
386 2850 642 2934 Hipponacteum
658 2845 725 2912 esse
740 2849 808 2930 ipse
828 2848 996 2931 profitetur
1011 2855 1118 2933 poeta;
1143 2873 1251 2916 versus
1268 2858 1374 2918 autem

245 2957 485 3041 Hipponacteos
501 2955 553 3018 vel
575 2947 700 3032 ονοίζιον
722 2955 818 3019 habet
833 2955 1017 3019 trochaeum
1040 2977 1097 3039 pro
1114 2958 1219 3023 iambo
1239 2961 1271 3024 in
1294 2962 1374 3045 pede

244 3063 368 3128 ultimo.
408 3062 446 3127 of.
475 3083 548 3145 pag.
574 3067 625 3125 29.

638 3203 816 3286 Meleager
839 3222 974 3272 servus.

725 3344 888 3410 Iobates.

768 3480 796 3535 2.
822 3478 849 3536 3.

243 3581 360 3646 Herod.
384 3603 421 3644 π.
445 3605 480 3662 μ.
505 3579 533 3642 λ.
561 3585 612 3654 19,
636 3585 685 3643 26.
743 3573 745 3578 ’
926 3579 928 3584 ’

243 3683 374 3770 Ὀλίγος·
400 3684 489 3750 οὐδὲν
512 3684 557 3762 εἰς
580 3709 635 3769 νος
658 3682 740 3772 ὑπὲρ
764 3685 822 3749 δύο
842 3685 912 3750 σολ-

242 3790 345 3877 tepea
370 3793 416 3876 τῴ
441 3817 453 3856 ι
479 3793 701 3879 παραλήνεται
731 3795 785 3856 καὶ
810 3776 991 3889 oropo-{Et
1015 3793 1057 3858 M.
1084 3800 1156 3870 621,
1183 3802 1233 3858 52.

242 3900 379 3980 ξύνεται,
404 3896 487 3970 ἀλλὰ
511 3901 609 3982 μόνον
631 3898 669 3964 τὸ
691 3897 810 3984 ὀλίγος·
924 3896 1070 3980 ζὈλίος·
1092 3899 1174 3965 κατὰ
1191 3900 1368 3966 διάλεκτον·

241 4007 319 4088 μίτι
336 3997 391 4070 οὖν
410 4015 594 4093 Ταραντῖνοι
614 4008 708 4092 χωρὶς
723 4007 781 4070 τοῦ
797 4030 816 4091 y
833 4030 925 4094 προ-ι
943 4015 1127 4094 Ταραντῖνοι
1154 4007 1216 4094 γὰρ
1243 4007 1281 4074 τὸ
1306 4007 1372 4074 ὀλί-·

243 4113 412 4199 φερόμενοι
421 4113 477 4199 τὴν
486 4115 572 4194 λέξιν
581 4112 819 4201 οῗναλομαίτερον
828 4112 910 4179 ἄπο·
924 4146 925 4181 ι
939 4138 994 4198 νος
1015 4112 1076 4179 ὀλί
1081 4139 1120 4191 ος
1135 4116 1277 4200 λέγουσιν
1293 4113 1368 4180 ἄνει·

242 4223 411 4308 φαίνονται
435 4216 542 4305 ὥοπερ
565 4218 697 4285 Ῥίνθων
939 4221 996 4284 τοῦ
1020 4246 1039 4306 μ

241 4324 274 4389 έν
301 4325 422 4410 δούλῳ
447 4328 651 4413 Μελεάγρῳ
923 4321 971 4414 λέν
994 4328 1116 4413 ὄούλιμ
1143 4330 1345 4416 Μελεάγρῳ
1365 4375 1367 4380 -
