3258 4794
716 279 937 334 -36,

263 445 456 527 Athenaeus,
466 447 652 532 Hesychius,
663 448 783 527 Suidas,
793 449 1052 534 Etymologicum
1063 451 1224 536 Magnum,
1235 451 1392 537 Georgius

264 553 511 621 Ohoeroboscus.

350 659 568 745 Incipiendum
591 685 611 725 a
633 662 821 738 novissim03
846 662 999 749 Georgius
1024 663 1260 729 Choeroboscus
1283 666 1391 730 hausit

262 772 294 831 et
316 789 355 832 ex
370 768 608 852 Hephaestione
632 773 716 833 etex
732 770 923 848 Herodiano,
947 769 1059 836 Suidas
1077 794 1114 834 ex
1130 771 1282 856 Hesychii
1306 763 1390 837 libro

262 875 407 941 uberiore
431 899 526 960 quam
551 898 597 954 e0,
621 898 716 960 quem
739 900 797 942 nos
821 900 904 958 nunc
927 878 1089 942 habemus.

349 983 528 1067 Hesychius
556 988 662 1050 autem
685 1007 788 1070 neque
812 1007 850 1050 ex
874 985 1039 1052 Athenaeo
1068 1009 1171 1071 neque
1195 1010 1233 1051 ex
1256 987 1387 1052 Polluce

259 1091 378 1168 hausit,
417 1113 526 1155 verum
564 1091 597 1154 hi
636 1096 700 1156 tres
733 1089 893 1156 Diodori
931 1094 1129 1177 grammatici
1162 1095 1388 1178 Aristophanei

259 1198 432 1274 Γλώσσαις
458 1195 646 1275 Ἰταλικάς
674 1200 936 1282 exscripserunt„
963 1201 1069 1286 Atque
1093 1202 1217 1266 easdem
1241 1201 1388 1286 Hephae-

258 1304 383 1382 stionis,
407 1305 594 1383 Herodiani,
618 1305 782 1388 Apollonii
806 1306 938 1390 Dyscoli
961 1307 1082 1372 fontem
1110 1309 1222 1386 fuisse,
1251 1310 1318 1395 veri
1341 1316 1390 1374 est

258 1411 368 1476 simile.
414 1413 672 1498 Etymologicum
701 1413 856 1498 Magnum
885 1419 991 1479 autem
1019 1419 1050 1480 et
1078 1438 1116 1480 ex
1145 1415 1327 1481 Herodiano
1357 1423 1389 1481 et

258 1541 297 1583 ex
320 1520 495 1603 Apollonio
519 1521 632 1586 hausit.
1106 1606 1109 1614 Ι

272 1673 274 1678 -
346 1626 455 1692 Verba
471 1649 507 1690 ea
522 1650 604 1712 quae
614 1626 723 1693 Cicero
740 1629 839 1706 affert,
855 1629 888 1692 in
904 1629 1063 1712 proverbii
1079 1652 1171 1694 usum
1188 1630 1386 1715 abienmffl)

345 1734 457 1820 ltaque
467 1758 505 1798 ex
516 1757 578 1798 uno
589 1735 762 1819 eodemque
772 1735 859 1800 fonte
875 1735 981 1799 omnia
991 1758 1028 1800 ea
1038 1734 1226 1821 fragmenta,
1236 1761 1273 1804 ex
1284 1737 1386 1803 Rhin-

258 1841 366 1906 thonis
386 1841 503 1905 fabulis
527 1864 608 1925 quae
629 1843 668 1906 ad
688 1846 828 1906 nostram
849 1847 990 1908 aetatem
1011 1849 1235 1926 pervenerunt,
1256 1845 1387 1909 fluxisse

260 1948 351 2012 nobis
379 1949 605 2033 persuasimus;
634 1949 783 2034 quicum
811 1949 852 2014 sit
880 1950 1144 2034 glossographus,
1172 1975 1242 2022 non,
1260 1953 1387 2031 mirum,

256 2057 342 2138 quod
364 2057 502 2120 frustula
525 2060 591 2120 tam
613 2078 711 2140 parva
734 2061 816 2125 sunt.

345 2160 447 2238 Quam
479 2163 517 2227 de
555 2163 644 2227 fonte
679 2163 931 2246 fragmentorum
963 2164 1253 2230 Rhinthonioorum
1287 2190 1385 2250 quae·

254 2270 388 2334 stionem
412 2271 547 2334 movisse
570 2269 676 2353 potius
699 2291 749 2334 me
771 2293 866 2354 quam
890 2271 1062 2336 absolvisse
1078 2273 1183 2349 vide03
1207 2275 1386 2339 accuratius

254 2379 292 2442 de
316 2399 353 2442 ea
375 2400 409 2441 re
433 2377 614 2460 disputandi
638 2378 699 2442 alio
723 2377 794 2442 loco
817 2378 952 2444 fortasse
975 2379 1111 2444 facultas
1135 2380 1269 2444 dabitur.

344 2483 536 2570 Fragmenta
556 2485 789 2552 Rhinthonicae
806 2486 985 2551 comoediae
1002 2487 1243 2570 corruptissima
1266 2488 1387 2552 tradita

254 2597 328 2656 sunt
352 2596 383 2656 et
406 2592 440 2658 in
462 2593 628 2676 permultis
651 2593 780 2676 quidem
803 2595 842 2658 de
864 2592 986 2657 medela
1010 2594 1239 2676 desperandum
1263 2598 1324 2670 est3
1348 2595 1382 2657 in

258 2699 328 2764 aliis
353 2700 436 2764 viam
459 2700 565 2784 potius
589 2699 732 2765 medendi
756 2721 851 2782 quam
875 2699 977 2782 ipsam
1001 2701 1155 2764 medelam
1179 2702 1293 2766 inveni.

348 2806 487 2890 Collegit
510 2807 689 2890 fragmenta
721 2805 938 2879 Rhinthonica
961 2810 1034 2871 ante
1063 2829 1113 2870 me
1136 2807 1322 2875 Lorentzius
1350 2809 1385 2873 in

254 2913 474 2978 dissertatione
502 2913 540 2976 de
572 2913 666 2978 rebus
700 2913 796 2976 sacris
824 2916 856 2976 et
888 2913 1009 2977 artibus
1037 2914 1296 2992 Tarentinorum
1329 2917 1386 3001 qui

256 3018 358 3084 multa
396 3020 511 3087 omisit.
568 3019 710 3084 Collecta
747 3020 870 3103 publici
900 3021 978 3085 iuris
1016 3043 1079 3086 non
1117 3022 1193 3086 fecit
1230 3021 1386 3088 Ernestus

258 3126 560 3203 Summerbrodtius3
576 3149 677 3210 nuper
693 3125 894 3190 Hermannus
910 3127 1043 3191 Diercks
1053 3127 1084 3190 in
1101 3128 1193 3205 libro,
1207 3129 1263 3213 qui
1272 3129 1384 3194 inscri-

257 3233 344 3296 bitur
372 3229 660 3318 ‘Archaiologische
689 3229 846 3318 Zeitung',
875 3236 973 3318 (1885
999 3257 1028 3317 p.
1054 3241 1094 3298 38
1123 3236 1207 3320 adn.)
1236 3259 1269 3301 se
1297 3239 1385 3322 frag·

346 3429 377 3495 ²³⁷)
397 3426 496 3496 Georg.
525 3425 658 3481 Choerob.
687 3429 751 3492 553,
777 3429 811 3482 32
835 3428 1004 3498 exscriptum
1028 3449 1061 3484 ex
1080 3429 1286 3500 Hephaestione
1304 3432 1324 3498 1,
1345 3435 1385 3496 6.·,

253 3517 387 3572 Choerob.
414 3507 478 3572 181.Δ
497 3517 532 3570 28
555 3515 662 3572 redolet
687 3516 840 3571 Herodiani
863 3517 1025 3574 doctrinam.
1055 3520 1088 3576 cf.
1117 3520 1162 3586 fr.;
1187 3520 1284 3574 Suidas
1311 3539 1331 3578 s.
1356 3540 1384 3576 v.

255 3601 394 3676 ἀγλευκὲς,
414 3605 540 3675 quamvis
559 3606 647 3660 multo
666 3604 776 3660 uberior
793 3603 930 3673 Hesychio
950 3625 970 3661 s.
989 3626 1014 3660 v.
1036 3602 1181 3678 ἀγλευκής,
1202 3609 1275 3664 idem
1294 3607 1386 3665 tradit

254 3697 329 3764 quod
347 3695 507 3765 Hesychius.
539 3695 572 3748 cf.
591 3695 624 3748 fr.

343 3785 495 3854 Hesychius
514 3802 570 3838 non
589 3787 682 3855 potest
699 3783 823 3838 hausisse
842 3801 876 3838 ex
894 3785 1007 3841 Polluce
1026 3790 1055 3842 et
1074 3788 1231 3856 Athenaeo,
1256 3785 1384 3854 quamvis

254 3877 360 3930 habeat
378 3874 533 3943 complures
552 3874 666 3944 glossas,
686 3890 804 3942 quarum
816 3873 859 3927 illi
871 3874 1040 3930 mentionem
1058 3876 1176 3940 faciunt3
1195 3893 1261 3928 nam
1273 3871 1382 3926 multae

254 3965 283 4018 in
302 3964 361 4020 eius
379 3963 451 4020 libro
470 3962 572 4034 insunt,
593 3981 709 4032 quarum
728 3962 771 4018 illi
789 3963 883 4018 nescii.

344 4054 503 4108 Athenaeus
522 4051 581 4122 ipse
600 4069 629 4106 se
647 4050 761 4107 Diodori
785 4049 915 4116 Γλώσσας
939 4046 1072 4115 Ἰταλικάς
1095 4069 1241 4122 usurpasse
1265 4069 1385 4107 comme·

254 4145 346 4197 morat
363 4143 408 4211 XI,
428 4143 516 4207 479a3
540 4141 635 4212 itaque
654 4145 759 4197 ceteras
783 4159 893 4212 quoque
916 4143 1024 4212 glossas
1047 4141 1159 4197 Italicas
1183 4140 1248 4198 inde
1271 4140 1384 4196 fluxisse

254 4248 335 4285 nemo
354 4248 411 4284 non
430 4230 514 4286 videt.
546 4231 688 4287 Pollucem
707 4250 815 4301 quoque
834 4235 862 4286 et
880 4231 1048 4302 Hesychium
1066 4230 1181 4288 Diodori
1200 4231 1299 4302 glossis
1318 4249 1385 4286 usos

254 4337 326 4386 esse,
347 4336 430 4388 supra
449 4319 651 4374 adnotavimus.
