3258 4794
716 235 933 294 ..19„

263 408 374 492 Itaque
396 432 462 473 non
485 430 559 472 casu
582 409 665 473 forte
689 407 815 486 accidit,
843 412 880 472 ut
904 408 936 472 in
965 404 1048 472 vasis
1076 407 1170 492 pictis
1194 409 1387 476 lthinthonis

262 515 387 579 fabulas
411 516 660 580 animadvertere
683 515 775 579 nobis
798 515 969 585 videamur.

306 639 307 650 ¹
353 622 404 685 Ad
427 623 554 706 singula
577 622 784 688 examinanda
807 623 978 687 veniamus.
1017 659 1019 664 ,

218 739 221 748 ’
281 790 286 796 1
354 729 502 794 Omnium
519 750 626 794 eorum
641 749 797 806 vasorum,
818 727 901 812 'quae
917 730 950 793 in
966 737 1095 794 censum
1118 729 1224 792 vocari
1245 735 1388 814 possunt,

177 887 179 892 .
265 837 326 900 duo
350 836 390 899 ad
412 837 711 920 hilarotragoediam
734 836 926 901 Rhinthonis
950 835 1107 918 pertinere
1131 835 1210 901 mihi
1235 835 1387 902 videntur.

353 944 459 1027 Atque
482 943 694 1026 incipiendum
722 942 846 1006 videtur
874 943 913 1007 ab
942 965 979 1006 ea
1005 943 1143 1026 pictura,
1172 954 1252 1026 quae
1280 942 1389 1026 estin

206 1117 208 1122 ,
263 1052 346 1115 libro
372 1052 436 1134 qui
465 1051 647 1116 inscribitur
661 1112 663 1116 ,
678 1047 976 1134 ‘Theatergebaud'e
1008 1051 1071 1114 und
1104 1050 1298 1136 Denkmtiler
1335 1050 1388 1114 des

264 1155 533 1246 Bithnenweseus'
557 1158 621 1222 tab.
645 1157 703 1226 IX.
729 1163 778 1223 11.
825 1158 1085 1241 Depictumesse
1107 1156 1229 1235 lovem,
1258 1159 1389 1222 deorum

263 1287 367 1350 regem
392 1245 559 1340 adiurante
574 1265 732 1330 Mercurio
757 1287 829 1329 cum
851 1265 1005 1328 Alcmena
1028 1265 1189 1328 moechari
1213 1269 1389 1342 conantem,

264 1373 334 1456 quis
356 1380 429 1457 post
449 1373 757 1451 Win'ehelmannum
780 1371 961 1450 Mulierum,
983 1372 1194 1440 Wieselerum
1217 1373 1390 1456 negaverit,

262 1481 447 1562 praesertim
471 1502 541 1544 eum
570 1482 607 1543 ad
632 1480 738 1544 Plauti
763 1481 1028 1563 Amphitruonem
1056 1481 1197 1548 animum
1224 1480 1389 1548 advertas?

263 1586 437 1650 Mercurius
466 1611 484 1650 a
512 1588 623 1651 dextra
655 1609 767 1652 scaena
799 1591 846 1650 est
879 1587 1021 1670 positus3'
1052 1586 1239 1670 designatur
1270 1591 1389 1669 petaso,

264 1694 409 1769 caduceo,
432 1694 605 1782 chlamyde.
634 1725 635 1728 ¹
653 1693 750 1758 Manu
774 1695 883 1758 dextra
905 1700 991 1758 tenet
1013 1694 1206 1770 lanternam,
1225 1698 1267 1757 «ut
1290 1694 1389 1760 domi*

263 1822 340 1863 num
364 1801 496 1864 adiuvet.
543 1801 698 1865 Dominus
721 1801 789 1884 ipse
812 1799 955 1883 luppiter
978 1825 996 1863 a
1025 1800 1154 1864 sinistra
1181 1800 1307 1882 positus
1333 1804 1389 1877 est,

263 1929 320 1970 neo
342 1912 464 1990 sceptro
488 1931 545 1972 nee
568 1912 653 1990 toga,
677 1913 713 1973 ut
736 1908 813 1973 alias
837 1908 906 2000 fieri
929 1909 1019 1986 solet,
1044 1907 1236 1987 designatus.
1283 1905 1390 1970 Habet

263 2015 365 2078 solum
381 2015 415 2078 in
431 2014 533 2097 capite
548 2020 776 2098 tegumentum,
800 2016 886 2100 quod
903 2015 1045 2079 modium
1068 2014 1209 2098 appellat
1226 2014 1389 2077 Winohele

263 2131 398 2185 mannus
422 2145 440 2184 a
463 2120 621 2205 Serapidis
645 2123 850 2186 similitudine
874 2121 1043 2204 profectus.
1089 2121 1168 2184 Esse
1197 2125 1301 2188 autem
1328 2120 1390 2183 hoc

262 2232 480 2311 tegumentum
503 2229 583 2293 nihil
607 2230 693 2293 aliud
721 2230 783 2294 nisi
811 2251 960 2294 coronam
987 2250 1130 2312 parvam,
1159 2249 1222 2310 qua
1249 2226 1391 2309 luppiter

265 2335 454 2420 designetur,
478 2359 516 2399 ex
533 2337 603 2400 aliis
620 2337 809 2419 quibusdam
829 2337 912 2400 vasis
936 2337 1048 2400 elucet.
1094 2333 1259 2416 Sceptrum
1285 2337 1390 2396 autem

265 2441 316 2504 hic
335 2441 403 2505 Iovi
426 2465 491 2506 non
515 2444 703 2506 attributum
726 2465 793 2506 esse
816 2465 880 2506 non
905 2442 1007 2506 solum
1030 2442 1145 2504 mirum
1168 2463 1233 2505 non
1257 2443 1312 2517 est,
1336 2441 1390 2502 sed

265 2570 304 2611 ne
336 2551 440 2633 potuit
472 2551 598 2633 quidem
631 2550 775 2627 attribui,
813 2572 885 2613 cum
922 2549 1067 2612 manibus
1106 2549 1206 2612 scalas
1244 2551 1390 2632 gestaret.

266 2655 397 2750 Accedit
413 2658 499 2741 quod
514 2655 592 2733 Ζεὺς
607 2657 721 2738 μοιχός
741 2658 824 2742 apud
847 2660 957 2740 poetas
982 2655 1119 2720 comicos
1143 2655 1234 2738 quasi
1256 2676 1391 2738 persona

265 2769 347 2828 stata
370 2769 437 2829 erat
461 2770 493 2829 et
515 2769 679 2849 praeterea
702 2765 826 2829 adiutor
849 2763 932 2828 adsit
946 2764 1131 2839 Mercurius,
1154 2761 1237 2826 Iovis
1261 2762 1390 2825 nuntius

266 2877 298 2934 et
320 2871 472 2949 minister,
497 2873 551 2956 qui
575 2874 640 2936 eius
664 2873 796 2956 imperia
819 2872 932 2935 callide
957 2872 1131 2955 exequitur.

355 2975 442 3051 Quae
459 2979 540 3041 actio
556 2983 808 3060 repraesentetur
824 3000 887 3042 non
904 2979 1031 3042 difficile
1053 2981 1100 3040 est
1124 2977 1294 3040 intellectu.
1340 2974 1390 3038 Io-

266 3106 335 3147 vem
350 3083 383 3146 in
397 3084 565 3147 fenestram
582 3105 676 3166 supra
691 3084 828 3166 positam
834 3082 873 3167 ²⁰)
891 3085 973 3147 unde
985 3082 1390 3165 AlcmenaAmphitruonis

266 3212 346 3254 uxor
362 3188 502 3272 despicit
526 3211 593 3252 esse
610 3211 812 3253 ascensurum
827 3189 920 3254 scalis
936 3191 1178 3265 demonstratur,
1203 3209 1281 3272 quas
1303 3192 1390 3251 utra-

266 3319 327 3381 que
355 3320 451 3360 manu
479 3301 592 3380 gestat.
643 3296 747 3360 Nocte
774 3319 841 3360 rem
874 3295 927 3380 agi
960 3300 991 3359 et
1019 3295 1166 3358 Mercurii
1199 3296 1327 3358 lucerna
1359 3299 1390 3357 et

265 3406 368 3469 scalae
391 3405 424 3468 in
446 3405 576 3488 publico
599 3405 722 3488 positae
747 3383 979 3468 demonstrant.¹

354 3512 421 3577 Iam
438 3513 629 3576 Wieselerus
644 3512 676 3575 in
700 3525 834 3576 numero
855 3533 962 3574 earum
985 3511 1163 3574 fabularum
1189 3533 1270 3594 quae
1292 3509 1391 3573 talem

266 3642 424 3698 scaenam,
452 3621 555 3703 qualis
579 3624 626 3683 est
648 3623 765 3696 nostra,
789 3619 950 3682 continere
973 3622 1133 3701 poterant,
1162 3616 1328 3700 inprimis
1353 3619 1391 3680 de

266 3728 460 3792 Rhinthonis
496 3726 730 3809 Amphitruone
768 3727 972 3810 cogitandum
1008 3747 1074 3788 esse
1112 3729 1218 3788 censet
1250 3725 1291 3809 (p.
1327 3725 1390 3808 59).

266 3835 372 3917 Atque
392 3833 565 3898 rectissime
579 3833 683 3895 virum
706 3833 833 3896 doctum
857 3833 902 3896 ita
925 3831 1082 3895 censuisse
1105 3831 1217 3894 iudico.
1264 3829 1391 3912 Optime

337 4011 370 4080 20)
389 4011 421 4062 ln
440 4009 539 4064 altiore
558 4012 639 4078 parte
659 4009 756 4063 domus
778 4009 931 4063 fenestram
949 4007 1071 4077 positam
1095 4025 1154 4061 esse
1180 4010 1209 4060 et
1234 4007 1325 4060 scalae
1348 4007 1392 4060 de·

266 4098 374 4154 clarant
393 4102 421 4152 et
439 4097 559 4152 Pollucis
577 4098 664 4152 verba
682 4097 727 4162 IV,
754 4098 804 4152 130
824 4097 930 4151 iaciunt
956 4096 1015 4151 veri
1039 4095 1129 4150 simile
1153 4091 1184 4149 ἐν
1207 4095 1236 4150 δὲ
1259 4096 1391 4168 κωμῳδίᾳ

267 4181 323 4242 ἀπὸ
345 4191 392 4256 τῆς
415 4187 550 4255 διστεγὶας
573 4186 762 4258 πορνοβοσκοί
784 4204 814 4240 τε
836 4183 1055 4240 κατοπτεύουσιν
1082 4178 1097 4237 i
1121 4183 1220 4258 γρᾴδια
1248 4178 1264 4254 ἢ
1291 4181 1391 4253 γύναια

265 4275 440 4347 καταβλέπει.

1140 4363 1156 4414 2
1162 4362 1176 4390 'k
