3258 4794
668 181 891 236 ..24-

218 352 289 414 dem
318 354 349 414 et
377 371 416 414 ox
443 350 621 415 litterarum
648 349 840 414 testimoniis
865 354 895 414 et
920 350 998 434 ipsis
1014 350 1213 433 fragmentis
1242 353 1273 412 et
1305 348 1344 412 iis

216 455 299 520 vasis
315 457 418 539 pictis,
440 479 521 540 quae
537 458 577 521 ad
593 458 786 522 comoediam
801 457 1049 521 Rhinthonioam
1065 456 1221 539 pertinere
1238 459 1343 519 osten-

217 565 328 641 dimus,
350 565 429 628 haeo
451 565 516 628 fere
539 565 652 649 colligi
674 587 768 648 posse
792 565 945 629 videntur.

309 672 572 757 Μεταῤῥάθμισις
594 673 627 736 in
650 673 709 736 his
733 672 837 736 tribus
859 674 954 737 rebus
978 673 1153 736 constabat.
1199 670 1343 734 Primum

216 779 300 843 enim
323 772 488 844 vestitus
512 780 684 863 tragicus
708 781 956 864 detorquebatur
978 779 1012 844 iu
1035 779 1203 855 comicum,
1231 777 1342 842 deinde

216 907 334 950 sermo
358 886 529 971 tragicus
553 887 586 949 in
609 887 761 956 humilem
776 888 1003 972 vulgaremque
1020 909 1197 952 sermonem
1213 883 1270 969 (εἰς
1292 881 1342 947 ed-

215 992 289 1056 reti
311 993 418 1078 λέξιν),
441 995 480 1057 ad
504 998 678 1060 extremum
702 995 803 1059 actio
827 995 977 1080 tragica
999 995 1033 1058 in
1055 995 1232 1059 ridiculum.
1332 1016 1336 1022 ’

305 1099 353 1163 Ae
376 1099 513 1183 primum
537 1101 664 1184 quidem
688 1102 726 1165 de
750 1101 866 1165 vestitu
894 1101 1017 1184 tragico
1045 1100 1079 1163 in
1107 1101 1261 1163 nomicum
1290 1099 1342 1162 de·

214 1211 299 1271 torto
324 1207 480 1290 agendum
506 1212 565 1283 est;
600 1208 653 1271 sed
677 1213 770 1271 antea
798 1208 964 1272 dicendum
992 1207 1095 1292 qualis
1123 1207 1218 1270 fuerit
1246 1229 1342 1290 appa·

216 1319 305 1378 ratus
329 1314 497 1378 scaenicus.

305 1421 506 1486 Feminarum
522 1420 671 1485 vestitum
688 1421 727 1484 ab
748 1422 866 1486 usitato
890 1443 954 1485 non
978 1421 1135 1486 diversum
1158 1419 1255 1484 misse
1278 1421 1342 1484 iam

215 1532 323 1592 monet
338 1526 468 1592 Iahnius
486 1527 629 1612 (Vasens.
646 1528 743 1612 praef.
759 1527 929 1614 CXXVII).
975 1527 1083 1593 Primo
1104 1529 1219 1592 obtutu
1243 1527 1341 1592 offen-

215 1637 317 1699 dimus
341 1636 426 1718 quod
450 1636 559 1719 phallo
584 1636 739 1700 instructa
764 1641 811 1700 est
835 1636 999 1721 Antigona
1022 1637 1099 1721 (tab.
1122 1635 1182 1712 IX,
1208 1635 1252 1719 7-);
1286 1636 1340 1698 sed

215 1744 279 1806 iam
305 1743 339 1805 in
368 1742 567 1806 diiudicanda
593 1743 652 1806 hac
680 1743 803 1826 pictura
835 1765 897 1807 non
931 1744 1032 1827 ipsam
1060 1743 1255 1826 Antigonam
1287 1743 1342 1806 sed

215 1871 340 1913 servum
364 1849 430 1912 eius
454 1848 613 1932 depictum
637 1872 705 1914 esse
727 1851 916 1913 monuimus.

305 1954 454 2019 Virorum
470 1959 575 2019 autem
591 1955 723 2019 vestitus
740 1959 862 2020 oonstat
878 1956 1033 2039 imprimis
1049 1979 1087 2019 ex
1109 1955 1341 2038 anaxyridibus‚

215 2083 293 2146 quas
316 2062 350 2124 in
373 2062 526 2139 omnibus
551 2085 631 2146 quae
655 2063 757 2140 attuli,
780 2064 863 2126 vasis
886 2063 980 2147 pictis
1005 2063 1290 2126 animadvertimus

306 2168 504 2252 Anaxyrides
529 2168 568 2231 ab
593 2167 723 2232 orientis
747 2169 893 2253 gentibus
919 2169 1076 2253 originem
1103 2170 1234 2246 ducunt3
1267 2171 1341 2232 sunt

215 2281 320 2340 autem
343 2296 443 2358 genus
466 2275 652 2340 vestimenti.
660 2274 700 2360 ῃ)
748 2275 855 2360 Atque
878 2276 985 2358 paullo
1010 2276 1185 2339 accuratius
1213 2276 1274 2339 hoe
1302 2275 1340 2338 de

216 2404 331 2466 genere
353 2381 533 2445 vestimenti
556 2383 652 2446 verba
675 2383 778 2447 facere
800 2383 879 2446 mihi
902 2383 935 2446 in
958 2383 1063 2446 auimo
1088 2386 1143 2448 est.

303 2489 432 2552 Habent
456 2492 561 2553 autem
586 2489 771 2573 anaxyrides
795 2492 896 2554 multa
918 2491 1059 2555 nominat

215 2669 337 2731 ακέλεαι
355 2667 448 2752 (Poll.
465 2667 535 2744 Vll,
560 2675 600 2731 59
618 2666 676 2744 τὰς
692 2668 725 2732 δὲ
741 2665 932 2754 ἀναξυρίδας
953 2671 1006 2732 καὶ
1029 2669 1156 2744 aeteae
1179 2668 1339 2766 καλοῦσα)

215 2793 381 2878 σαράβαρα
406 2793 489 2873 apud
513 2791 650 2855 Parthos
676 2793 826 2876 (Hesyoh.
850 2815 872 2856 s.
897 2815 924 2856 v.
948 2794 1085 2856 οκέλεαι·
1125 2790 1165 2855 τά
1189 2793 1252 2856 τῶν
1275 2814 1340 2855 σκε-

375 2897 438 2960 λῶν
461 2899 687 2979 σκεπάσματα·
723 2900 853 2984 Πάρθοι
877 2900 1054 2987 σαράβαρα)

215 3029 329 3108 donator
354 3021 451 3106 (Suid.
469 3045 491 3084 s.
509 3045 536 3085 v.
553 3023 734 3109 σαράβαρα·
768 3021 867 3110 ἐσθὴς
884 3026 1032 3111 Περσική·
1066 3023 1143 3088 ἔνιαι
1160 3024 1193 3088 δὲ
1217 3026 1340 3107 λέγουσι

375 3132 499 3212 βρακία.
546 3129 620 3194 ibid.
645 3152 667 3194 s.
691 3153 719 3194 v.
744 3128 937 3217 άναξυρίόες.

214 3253 328 3338 βράκες
354 3253 441 3336 (Hes.
465 3276 488 3319 s.
512 3275 539 3318 v,
564 3255 690 3340 βράκας·
725 3249 909 3342 άναζαρίὸες
934 3258 1036 3343 [siclll

216 3379 389 3464 φιμινάλια
414 3378 512 3463 (said.
537 3402 560 3444 s.
583 3402 612 3442 v.
636 3377 841 3466 άναξαρίὸας·
878 3384 1065 3468 φιμινάλια,
1093 3386 1217 3466 βρακία.
1265 3381 1338 3445 ibid.

376 3508 399 3550 s.
424 3509 452 3550 v.
476 3486 662 3570 φιμινάλια·
698 3484 897 3574 άναξαρίὸας,
921 3489 1056 3573 βρακία).

304 3665 354 3728 Ex
371 3665 447 3748 ipsis
463 3665 652 3730 nominibus.
666 3689 731 3731 non
754 3666 890 3730 multum
914 3667 984 3730 elici
1007 3671 1124 3752 potest3
1156 3667 1340 3733 Latinorum

215 3772 413 3855 potissimum
437 3773 626 3837 testimoniis
654 3774 691 3838 de
719 3773 757 3838 iis
784 3774 947 3838 nitendum
976 3779 1036 3851 est3
1068 3797 1142 3840 nam
1170 3776 1339 3852 feminalia,

215 3881 324 3944 braces
352 3880 404 3942 vel
432 3879 558 3958 bracae,
586 3882 733 3946 sarabara
761 3883 844 3965 apud
871 3881 1032 3946 Romanos
1061 3905 1125 3946 non
1152 3885 1274 3967 ignota,
1303 3903 1339 3945 aa

288 4127 320 4196 aa)
340 4126 426 4180 Extat
444 4131 591 4197 praeterea
610 4129 729 4183 alterum
748 4123 841 4198 genus
854 4129 1049 4198 anaxyridum‚
1073 4130 1240 4200 oaleeorum,
1265 4129 1339 4199 quod

215 4217 269 4270 hoe
287 4215 348 4269 loeo
367 4215 438 4268 nibil
457 4217 492 4269 ad
511 4234 577 4270 rem.
