3258 4794
745 176 966 232 *23*-

292 355 325 412 et
347 359 454 412 secum
477 349 630 412 abducere
659 352 804 422 conatum
835 348 892 412 illa
921 369 1050 432 operam
1079 349 1132 415 dat
1159 353 1195 411 ut
1224 348 1355 431 effugiat
1383 369 1418 410 ac

292 457 403 520 mortis
431 461 517 520 metu
545 461 669 538 praeter
696 457 825 520 modum
858 455 969 520 territa
997 454 1139 520 Creontis
1172 455 1418 518 misericordiam

216 552 218 556 ’
293 564 462 646 implorare
478 563 585 626 studet
600 584 830 646 personamque
846 563 976 646 deponit
999 583 1032 626 se
1055 583 1119 626 non
1142 563 1244 645 ipsam
1268 585 1335 628 esse
1351 563 1418 627 Ans

291 670 436 754 tigonam
460 670 514 734 sed
537 691 662 740 servum
686 669 935 734 eius-confitens.

384 776 434 840 Ad
464 783 584 841 certum
611 777 682 840 iam¹
702 777 853 858 perducta
880 798 947 839 esse
976 776 1157 840 coniectura
1186 777 1264 840 mihi
1296 776 1419 841 videtur

296 885 476 968 Antigonae
492 883 687 966 Sophocleae
703 884 736 947 in
751 884 919 947 ridiculum
936 905 1042 961 versae
1059 905 1203 948 scaenam
1220 887 1292 948 ante
1309 885 1418 948 oculus

292 1015 352 1055 nos
375 992 498 1056 haber-e.

305 1141 308 1145 -
384 1099 445 1163 Sed
462 1099 575 1164 dixerit
596 1099 729 1164 forsitan
754 1097 911 1182 quispiam
936 1099 1114 1162 comoediae
1138 1098 1347 1181 talissqualis
1372 1103 1419 1162 est

294 1207 526 1289 Aristophanis,
549 1229 693 1270 scaenam
708 1228 765 1270 nos
782 1211 854 1270 ante
870 1207 979 1270 oculos
999 1206 1129 1282 habere;
1162 1206 1222 1270 hoc
1244 1205 1419 1289 praefracte

293 1314 470 1398 negandum
500 1318 559 1388 est,
588 1336 661 1377 nam
689 1313 811 1376 nullam
838 1313 1019 1377 comoediae
1047 1335 1216 1396 personam
1245 1309 1338 1396 ὄγκον
1365 1334 1419 1396 ge-

293 1428 392 1486 stasse
420 1425 553 1484 constat.
601 1419 718 1483 Pollux
746 1420 842 1496 enirn,
871 1419 1076 1503 gravissimus
1106 1421 1143 1482 de
1172 1419 1232 1482 hae
1259 1442 1293 1484 re
1320 1420 1421 1497 testis,

292 1528 358 1591 fere
381 1529 415 1591 in
438 1549 628 1610 unaquaque
657 1549 792 1610 persona
820 1527 940 1610 tragica
964 1527 1108 1611 (4,,133)
1134 1522 1227 1610 ὄγκον
1254 1526 1360 1604 affert,
1388 1527 1422 1590 iu

293 1635 383 1697 nulla
405 1656 541 1717 persona
565 1634 697 1710 comica3
730 1634 812 1697 unde
835 1637 892 1697 tuo
915 1634 983 1698 iure
1007 1629 1100 1715 ὄγκον
1123 1634 1285 1718 propriam
1308 1635 1422 1718 tragici

294 1745 464 1825 apparatus
487 1747 608 1824 partem
633 1741 730 1804 fuisse
759 1741 905 1824 colligam
939 1735 1033 1822 ὄγκον
1061 1749 1167 1804 autern
1197 1741 1229 1804 in
1257 1741 1422 1825 tragoedia

294 1848 327 1912 in
350 1848 518 1912 ridiculum
541 1871 631 1912 versa
653 1848 760 1912 locum
783 1847 932 1912 habuisse
956 1847 1049 1910 facile
1073 1847 1276 1931 intellegitur.

374 1954 491 2038 'Atque
511 1979 582 2019 cum
605 1956 712 2020 omnia
736 1956 853 2040 colligo
879 1957 993 2033 animo,
1017 1976 1080 2019 non
1105 1955 1313 2019 dubitaverim
1337 1977 1421 2018 scae-

294 2085 368 2125 nam
389 2067 539 2140 nostram,
564 2064 602 2126 ad
618 2061 812 2127 Rhinthonis
836 2061 1137 2146 hilarotragoediam
1162 2063 1287 2138 referre,
1311 2084 1420 2144 quam-

294 2192 390 2254 quam
411 2193 475 2234 non
499 2174 587 2234 extat
609 2170 823 2234 testimonium
841 2169 1040 2253 Antigonam
1062 2169 1204 2234 fabulam
1229 2169 1268 2232 ab
1294 2192 1331 2232 eo
1356 2191 1422 2233 esse

294 2277 476 2364 conditam
512 2275 572 2341 Sed
601 2300 671 2340 cum
699 2277 916 2342 Rhinthonem
945 2277 1111 2359 Sophoclis
1138 2277 1264 2340 fabulas
1300 2277 1422 2360 aliquas

293 2385 328 2446 in
350 2384 518 2447 ridiculum
541 2385 671 2450 vertisse
694 2385 760 2447 veri
784 2385 825 2447 sit
851 2384 1060 2461 simillimum,
1090 2384 1171 2447 idem
1197 2384 1234 2446 de
1260 2383 1423 2468 Antigona

294 2491 435 2573 profiteri
467 2513 531 2553 non
563 2492 686 2568 dubito,
724 2492 908 2574 praesertim
946 2513 1023 2577 cum
1055 2491 1160 2553 omnia
1197 2491 1312 2554 indicia
1348 2491 1422 2554 huic

296 2598 495 2662 coniecturae
519 2600 637 2682 optime
662 2598 858 2663 conveniant.
1076 2583 1078 2588 i

384 2706 494 2771 Cetera
518 2708 656 2774 eiusdem
679 2708 804 2792 generis
828 2731 903 2771 vasa
926 2708 1012 2790 picta
1037 2707 1075 2770 ad
1105 2706 1297 2770 comoediam
1322 2705 1422 2768 Rhin-

294 2815 456 2878 thonicam
479 2839 543 2879 non
566 2817 722 2901 pertinere
751 2817 829 2898 mihi
856 2817 1014 2892 videntur,
1048 2837 1120 2878 cum
1149 2820 1202 2878 aut
1232 2814 1270 2876 ad
1299 2833 1421 2875 comoe-

295 2920 379 2981 diam
401 2921 502 3002 ipsam
527 2927 581 2984 aut
605 2923 644 2984 ad
668 2928 768 2985 artem
792 2923 961 3006 satyricam
984 2922 1147 2985 referenda
1171 2919 1290 3004 sinum)

384 3025 451 3088 lam
467 3027 506 3089 ad
522 3027 624 3109 ipsam
639 3028 729 3091 illam
750 3029 969 3111 quaestionem
994 3050 1089 3111 quam
1112 3027 1333 3110 proposuimus
1357 3027 1421 3089 sol·

295 3132 427 3196 vendam
443 3133 672 3216 aggrediamur,
696 3155 851 3216 quaenam
871 3134 967 3197 fuerit
991 3139 1103 3197 natura
1126 3133 1421 3216 hilarotragoediae.

383 3237 493 3302 Fuisse
510 3243 615 3302 autem
631 3239 931 3324 hilarotragoediam
947 3240 980 3302 in
997 3240 1178 3303 universum
1200 3239 1422 3325 μενοῤῥύῦμι-

293 3345 428 3408 crucior
451 3345 608 3430 τραγικῶν
631 3344 662 3421 ἐς
687 3347 795 3430 γέλοια
824 3369 920 3430 supra
948 3351 1090 3410 veterum
1119 3346 1308 3410 testimoniis
1337 3327 1421 3411 com-¹

293 3451 503 3537 probavimus.
551 3453 657 3536 Atque
681 3454 774 3517 nobis
798 3455 884 3536 ipsas
913 3454 1048 3518 aliorum
1077 3454 1257 3537 tragoedias
1286 3454 1319 3517 in
1346 3454 1420 3517 ridi·

294 3561 400 3623 culum
423 3559 553 3624 vertisse
571 3560 737 3624 Rhinthon
760 3561 844 3624 visus
870 3565 924 3624 est.
972 3560 1137 3637 Quomodo
1162 3563 1268 3623 autern
1291 3561 1421 3624 verterit

294 3665 347 3729 ille
364 3686 482 3749 magna
498 3667 579 3730 inter
594 3668 679 3730 viros
703 3669 812 3731 doctos
837 3673 884 3731 est
909 3668 1070 3731 dissensio
1117 3667 1224 3748 Atque
1248 3664 1326 3730 mihi
1351 3667 1420 3749 qui-

364 3861 397 3929 2¹l
417 3861 489 3914 Sunt
507 3862 564 3915 fere
583 3861 665 3915 haec:

364 3949 537 4004 Wieselerl.
556 3951 573 4004 Ι.
594 3951 640 4019 ΙΙΙ,
662 3950 703 4003 18,
740 3950 785 4019 ΙΧ,
805 3951 830 4004 9.
868 3950 913 4014 IX,
936 3951 975 4003 12.
1014 3949 1059 4016 ΙΙΙ,
1082 3953 1122 4004 13.
1161 3949 1210 4020 ΙΙΙ,
1232 3952 1273 4002 14.
1312 3948 1356 4016 ΙΧ,
1378 3950 1419 4002 15.

293 4037 361 4092 ibid.
374 4040 431 4096 tab.
446 4041 478 4105 A,
499 4040 541 4093 25.
570 4040 613 4092 26.
651 4039 793 4093 Accedunt
810 4039 944 4093 nonnulla
962 4041 997 4093 ab
1018 4039 1115 4093 ecdem
1133 4038 1163 4092 in
1182 4037 1329 4093 annalibus
1353 4039 1419 4091 lust.

293 4128 375 4181 Arch.
394 4131 423 4182 et
442 4129 477 4181 ab
496 4127 529 4182 H.
544 4127 745 4196 Heydemanno
764 4128 794 4180 in
812 4129 919 4182 duobus
938 4145 1030 4198 progr.
1051 4127 1132 4196 (Berl.
1162 4125 1326 4182 Winckelm.
1355 4125 1419 4180 Pro·

293 4233 402 4284 gramm
422 4217 499 4280 1870,
518 4217 591 4272 Hall.
621 4215 788 4271 Winckelm.
817 4217 911 4286 Progr.
933 4217 1012 4286 1884)
1032 4216 1115 4271 edita.
