3258 4794
255 441 293 482 ex
309 419 388 496 loco,
413 418 515 501 quiin
530 418 618 480 tonte
634 417 767 480 tortasse
788 421 855 480 erat
875 417 1010 496 uberior,
1034 417 1139 500 Lydus
1163 417 1223 481 sibi
1246 420 1381 500 sumpsit

253 525 443 589 vocabulum
461 524 692 607 Πυθαγόρειος,
717 524 887 587 verborum
911 545 1037 587 sensum
1061 546 1157 606 prave
1179 523 1380 608 intellegens;

255 653 341 694 error
357 631 430 696 talis
445 630 479 693 in
494 629 581 712 Lydo
597 651 660 692 uon
676 629 783 707 mirus,
807 629 925 713 quippe
941 630 996 713 qui
1020 631 1132 696 eodem
1154 631 1224 695 loco
1248 633 1380 696 eundem

255 736 471 802 Rhinthonem
504 737 641 820 primum
673 736 865 802 hexametris
897 737 1092 802 comoediam
1124 737 1286 820 scripsisse
1317 761 1381 803 non

255 843 444 908 dubitaverit
468 843 633 908 affirmare.

344 951 405 1015 Sed
432 950 511 1014 haec
538 949 707 1032 explicatio
737 949 872 1013 fortasse
905 970 967 1013 non
1001 950 1131 1026 arridet;
1169 952 1223 1014 sed
1255 956 1380 1034 praesto

253 1058 332 1121 mihi
355 1063 406 1121 est
426 1058 526 1121 altera
549 1057 742 1132 coniectura,
771 1077 852 1138 quae
876 1055 1028 1120 maiorem
1051 1058 1118 1120 veri
1141 1057 1276 1140 speciem
1304 1081 1385 1141 prae,

254 1187 287 1229 se
305 1165 395 1230 ferat.
440 1165 491 1228 Ex
506 1163 672 1228 Athenaeo
690 1161 780 1248 (XIV
797 1184 821 1226 c.
841 1164 972 1247 15.16.)
998 1157 1090 1228 aliter
1114 1164 1153 1228 ab
1178 1165 1248 1228 aliis
1272 1166 1379 1250 appel-

254 1273 335 1336 latos
352 1293 418 1336 esse
434 1271 582 1356 φλύακας
597 1270 679 1348 illos,
702 1271 734 1335 in
754 1291 890 1352 quorum
912 1289 1044 1334 numero
1061 1271 1278 1346 Rhinthonem
1302 1296 1379 1356 quo·

255 1401 315 1462 que
342 1378 522 1442 habendum
550 1399 617 1441 esse
645 1377 753 1460 paullo
782 1379 855 1458 post
882 1376 1069 1442 videbimus:
1111 1377 1140 1440 οἱ
1167 1378 1201 1442 δὲ
1233 1380 1380 1464 φλύακας

254 1487 333 1570 (scil,
350 1483 467 1560 αὐτούς
482 1484 619 1567 λέγουσι)
635 1480 679 1558 ὡς
694 1481 817 1546 Ἰταλοί.
857 1481 1012 1568 σοφιστὰς
1027 1483 1061 1548 δὲ
1085 1485 1114 1548 οἱ
1137 1487 1261 1549 πολλοί.
1305 1486 1379 1552 Non

252 1577 382 1676 possum
409 1613 474 1656 non
502 1591 653 1676 suspicari
682 1612 720 1654 ex
748 1591 808 1653 hac
836 1589 995 1674 σοφιστῶν
1028 1591 1258 1677 significatione
1290 1594 1379 1660 illam

253 1700 514 1783 philosophorum
528 1703 636 1763 natam
653 1719 729 1776 esse,
745 1719 841 1780 quam
857 1697 941 1779 apud
951 1696 1146 1781 Hesychium
1163 1723 1186 1764 s.
1196 1722 1224 1763 v.
1234 1695 1378 1777 ύοεκτος·

191 1871 194 1877 ,
254 1805 398 1889 οἰμαίίύς·
432 1803 522 1891 παρὰ
546 1802 692 1868 Ῥίνθωνι
712 1807 891 1888 Ταραντίνῳ
907 1803 1075 1890 φιλοσόφῳ
1098 1807 1286 1890 reperimus3
1315 1831 1379 1891 quo

254 1915 324 1978 loco
339 1907 529 1977 vocabulum
545 1910 713 1998 φιλοσόφῳ
728 1933 793 1975 non
810 1911 920 1976 dubito
942 1935 1076 1978 servare.
1121 1914 1172 1977 Ex
1195 1913 1379 1998 philosophi

253 2020 485 2104 significatione
513 2019 663 2082 facillime
692 2017 763 2081 dein
790 2019 896 2100 potuit
928 2019 1014 2083 nasci
1043 2019 1248 2103 Pythagorei,
1282 2043 1380 2104 quum

254 2128 307 2212 qui
323 2127 357 2191 in
373 2127 491 2212 Magne
507 2125 639 2192 Graecia
654 2125 874 2208 philosophiae
890 2128 941 2190 vel
957 2126 1170 2210 sophistarum
1190 2129 1251 2191 arti
1273 2130 1379 2193 stude-

253 2236 337 2314 bant,
361 2235 547 2317 plerumque
564 2233 784 2316 Pythagoreos
804 2234 981 2316 appellatos
1005 2257 1080 2307 esse,
1104 2235 1282 2318 complures
1292 2242 1380 2300 ·sunt

252 2347 357 2409 testes.

345 2449 453 2528 Φλύαξ
477 2449 592 2512 dicitur
615 2448 780 2512 Rhinthon
810 2471 828 2510 a
851 2446 1013 2530 Stephano
1039 2445 1193 2529 Byzantio
1218 2471 1241 2510 s.
1265 2471 1293 2510 v.
1321 2450 1379 2511 Τύ-

252 2556 356 2640 ραςλλς
393 2577 530 2639 quocum
557 2553 719 2618 Eustathii
750 2551 876 2635 verba3)
905 2553 950 2617 ita
978 2555 1161 2630 concinunt,
1194 2556 1380 2637 praesertim

253 2685 349 2748 quum
367 2664 407 2726 ab
423 2667 557 2746 utroque
574 2662 726 2745 scriptore
743 2661 850 2724 eodeni
867 2661 939 2724 loco
956 2658 1082 2725 deloco
1100 2683 1235 2743 quoque,
1259 2663 1378 2726 medico

253 2771 390 2854 quodam
414 2769 585 2833 Tarentino
612 2771 738 2851 agatur,
765 2771 801 2831 ut
830 2788 866 2829 ea
893 2771 949 2830 aut
978 2788 994 2828 e
1018 2765 1179 2850 Stephano
1208 2767 1379 2853 integriore

252 2879 366 2942 hausta
389 2899 456 2941 esse
479 2875 654 2953 videantur,
678 2897 759 2957 quae
783 2878 831 2938 est
854 2873 1052 2957 Bernhardyi
1075 2874 1239 2952 sententie,
1263 2880 1318 2939 aut
1341 2878 1379 2940 ad

253 2986 386 3047 eundem
418 2984 554 3060 fontem,
586 2982 670 3046 haud
704 2981 769 3046 scio
802 3004 842 3044 an
876 2981 914 3044 ad
944 2979 1173 3058 Herodianum,
1206 2983 1379 3047 redundare

253 3091 424 3154 videantur.

307 3286 327 3355 2)
347 3285 458 3354 Steph.
477 3285 548 3353 Byu.
569 3303 589 3338 s.
609 3301 634 3336 u.
659 3278 777 3350 Τοίρας1
899 3284 917 3350 ³)
936 3281 1089 3336 Eustath.
1122 3283 1170 3336 ad.
1199 3281 1292 3339 Dion.
1321 3286 1378 3340 Pe·

307 3371 454 3442 ὁπολίτης
479 3375 652 3444 Ταραντῖνος.
683 3373 731 3424 καί
754 3365 814 3424 αἰνε-
842 3370 924 3440 rieg.
944 3371 983 3424 ad
1002 3389 1028 3424 v.
1049 3371 1109 3426 376.
1139 3361 1218 3440 [ὅθεν
1236 3365 1327 3438 Ἴκκος
1345 3363 1378 3442 ἦν

252 3455 476 3536 γράφηοανούτω
484 3463 582 3516 πολλοὶ
591 3461 813 3532 χρηματίζοντες,
846 3461 1012 3530 Ταραντῖνος
1025 3454 1055 3524 ὃς
1067 3456 1112 3513 ἐπὶ
1124 3461 1187 3531 βίον
1199 3455 1321 3534 εὐτελείᾳ
1340 3461 1378 3525 εἰς

251 3551 369 3621 μάλιστα
386 3550 583 3624 Πυθαγόρειοι,
602 3553 649 3604 καί
667 3544 813 3622 Ἂριοτύξε-
841 3549 993 3620 παροιμίαν
1005 3557 1093 3602 κεῖται
1113 3543 1162 3618 τὴν
1181 3549 1316 3618 λέγουσαν
1325 3543 1376 3602 Ἴκ-

253 3661 300 3706 νος
313 3636 445 3710 μουσικὸς
454 3634 654 3712 Ἀριστοτέλους
666 3636 812 3709 γνωριμύς.
841 3656 893 3692 κον
906 3640 1019 3692 δεῖπνον
1031 3635 1076 3691 ἐπὶ
1089 3641 1146 3691 τῶν
1159 3632 1312 3708 ύπερίττως
1325 3640 1376 3690 δει-

251 3733 298 3786 καί
310 3725 447 3784 Ῥίνθων
465 3731 631 3799 Ταραντῖνος
650 3726 758 3797 φλύαξ
777 3721 815 3782 τὰ
843 3723 998 3795 πνούντων]
1180 3745 1184 3754 ’
1219 3722 1328 3779 ἐκεῖθεν
1347 3727 1376 3779 δὲ

252 3813 397 3894 τραγικὰ
415 3817 701 3890 μεταρροθμίζων
724 3815 756 3880 ἐς
777 3810 815 3870 τὸ
842 3819 888 3869 καὶ
907 3811 1046 3869 Ῥίνθων
1065 3804 1098 3883 ἦν
1122 3809 1138 3868 ὁ
1161 3811 1377 3882 ἐπικαλούμενος

251 3912 395 3977 γελοῖον.
421 3901 587 3979 φίρονταιύ
593 3901 678 3961 αὐτοῦ
688 3903 814 3976 δράματα
842 3902 961 3973 φλύαξ,
982 3898 1068 3972 ἤγουν
1087 3901 1221 3974 φλύαρος,
1246 3896 1375 3975 ὑποκορι-

252 3996 301 4067 λη’.
341 4000 397 4068 [καί
417 3990 508 4060 Ἴκκος
531 3998 698 4068 Ταραντῖνος
721 3981 814 4065 ἰατρὸς
842 3999 953 4058 οτικως,
978 3988 1019 4057 ως
1038 3989 1076 4047 τὰ
1095 3986 1239 4064 τραγικὰ
1258 3991 1305 4056 εἰς
1323 3991 1375 4061 γί-

252 4084 297 4140 ἐιιί
320 4092 367 4157 τῆς
393 4081 436 4155 οζ’
466 4081 647 4154 ὀλυμπιάδος·
679 4085 814 4152 μέμνηται
841 4087 916 4137 λοια
938 4082 1223 4153 μεταρλρνθμίζων
1245 4084 1293 4134 καί
1315 4083 1375 4134 καί·

252 4171 353 4230 τούτοιν
388 4179 435 4230 καὶ
470 4171 589 4229 Πλάτων
630 4171 660 4226 ἐν
700 4173 817 4244 llorere-¹
842 4176 898 4240 ζων
910 4169 941 4226 ἐν
958 4167 990 4226 ού
1008 4180 1141 4235 παικτοῖς,
1162 4165 1230 4224 aare
1245 4174 1376 4240 φλυαρῶν

252 4260 342 4338 μύρρα]
457 4333 461 4340 ¹
841 4255 977 4331 ἄντικρυς.

1129 4350 1162 4400 μ
