3258 4794
767 467 817 529 15.

255 586 257 590 ·
319 567 489 655 Herodian.
513 591 551 632 τε.
575 593 609 651 μ.
634 570 663 633 λ.
690 575 740 647 19,
765 576 805 634 23
831 571 918 656 (περὶ
942 573 1021 634 καθ.
1046 593 1139 656 προσ.
1165 577 1297 651 401,17
1322 571 1355 636 in

230 674 276 739 ed.
305 673 448 759 Lentzii).
498 673 542 740 Τὰ
571 675 617 752 είς
644 700 680 764 ιγς
706 674 823 741 ἐκεῖνον
849 676 914 757 ἔχει
942 675 998 741 τὸν
1026 678 1127 754 τόνον,
1157 675 1270 743 ὁποῖον
1301 681 1355 743 καὶ
1431 707 1447 719 ·

229 779 270 844 τὰ
293 783 505 868 πρωτότοκα,
529 785 592 866 μίν
614 785 690 870 μής,
715 783 785 860 δαίς
807 783 877 870 dcte,
902 797 982 861 τεαῖς
1005 785 1084 870 πῆς,
1113 782 1159 861 εἷς
1183 776 1233 871 ἧς.
1263 785 1354 870 παρὰ

228 881 450 974 γὰρῬίνθιονι
472 887 566 954 ‘odd’
590 881 631 976 ἧς
654 889 765 956 κύιον’

319 997 358 1060 cf.
381 995 485 1080 Epim.
509 995 648 1062 Crameri
671 999 803 1084 (Anecd.
827 997 940 1083 Oxou.)
965 999 989 1077 Ι,
1015 1004 1087 1077 171,
1112 1005 1162 1064 20.

319 1103 516 1188 φυλάττουσι
539 1104 598 1168 τοῦ
620 1101 677 1182 είς
699 1105 756 1192 τὴν
779 1105 960 1192 δίφθογγον
983 1108 1036 1170 καί.
1060 1105 1185 1182 Αἰολεῖς
1209 1109 1262 1171 καὶ,
1287 1115 1353 1171 Δω-

228 1214 320 1294 ριέων
343 1210 372 1274 οἱ
395 1212 619 1297 παλαιότεροι·
644 1211 735 1299 παρὰ
759 1210 821 1299 γὰρ
843 1211 1014 1278 Ῥίνθωνι
1037 1210 1175 1300 ε’τροίντιγ·

444 1307 449 1318 ’
764 1316 846 1383 οὐδ’
871 1310 912 1404 ἧς
935 1320 1032 1383 κύων·

550 1422 622 1488 dccl
644 1425 703 1489 τοῦ
763 1423 849 1490 οὐδὲ
872 1418 927 1502 εἷς

319 1529 470 1615 Spectant
492 1532 570 1596 haec
586 1534 740 1598 vocabula
763 1533 796 1598 in
818 1559 837 1620 η
861 1535 927 1600 sine
944 1535 1040 1599 dubio
1056 1535 1096 1598 ad
1112 1535 1352 1600 Tarentinorum

231 1638 407 1703 dialectum.
455 1638 564 1704 Simile
597 1639 717 1724 aliquid
749 1640 855 1704 inveni
887 1641 920 1704 in
950 1640 1089 1705 Crameri
1120 1643 1225 1705 anecd.
1255 1641 1352 1706 Paria.

230 1745 392 1830 (volllL
420 1767 492 1831 pag.
523 1753 601 1825 321,
626 1750 704 1832 25.):
742 1744 807 1832 dcl]
834 1797 841 1811 .
868 1797 874 1811 .
901 1796 907 1810 .
933 1745 998 1812 doct
1027 1747 1060 1811 ot
1089 1749 1143 1812 καί,
1172 1745 1239 1833 ἤϊον
1262 1747 1360 1833 παρὰ

228 1863 296 1928 τοῖς
322 1861 477 1929 Βοιωτοῖς
503 1851 557 1917 διὰ
586 1854 644 1918 τοῦ
672 1880 690 1942 νγ
717 1879 772 1919 και
801 1880 827 1930 ι,
856 1855 910 1918 καὶ
938 1852 1001 1940 ati}
1029 1853 1121 1940 παρὰ
1153 1863 1355 1940 Ταραντινοῐς

228 1955 284 2024 did
312 1959 368 2036 ude
396 1985 430 2023 αι
459 1959 644 2046 διφθόγγοο
672 1962 727 2025 καὶ
753 1961 811 2025 τοῦ
839 1985 872 2048 η·
897 1961 927 2027 οἱ
951 1962 984 2026 δὲ
1011 1964 1197 2048 Ταραντινοὶ
1220 1959 1355 2027 ίίττοικοι

228 2067 287 2131 elul
310 2066 374 2131 τῶν
398 2074 551 2152 Δωριέων.

770 2217 819 2275 16.

319 2317 454 2401 Hesych.
480 2337 502 2382 s:
526 2341 555 2383 v.
578 2315 778 2404 α’γλεοκής·
803 2315 916 2404 duddo·
939 2319 1043 2383 Radix
1072 2321 1158 2402 γλοκ.
1196 2319 1352 2386 ’(λΙοεεοα]

229 2445 296 2489 esne
325 2425 463 2490 Siculam
492 2449 510 2490 a
536 2425 722 2490 Rhinthone
750 2425 899 2490 usitatam
927 2425 1039 2490 scidas
1068 2449 1090 2492 s,
1115 2447 1143 2494 v.
1173 2424 1354 2512 οίγλεοκές

227 2537 364 2598 testatur
385 2529 439 2597 ‘cd
462 2529 570 2619 οίιγόές·
595 2532 736 2597 donaldi
759 2531 880 2613 ξενικὸν
903 2531 940 2597 τὸ
966 2529 1066 2615 ὄνομα
1090 2535 1260 2598 Σικελικόν.
1295 2515 1354 2597 νιο-

228 2639 267 2703 di·
291 2640 367 2724 γοῦν
390 2637 455 2704 ἐστι
479 2641 568 2704 ττοίνο
591 2639 682 2725 παρὰ
706 2638 875 2704 ‘Pindum
901 2701 904 2712 ,

318 2747 433 2812 Suidae
457 2749 554 2812 verba
577 2747 737 2812 fluxerunt
760 2748 826 2812 sine
850 2747 946 2811 dubio
971 2770 1009 2811 ex
1030 2747 1190 2832 Hesychio
1214 2748 1353 2811 nondum

229 2854 409 2937 epitomate.
963 2919 968 2930 ,

317 2961 504 3046 Bernhardy
526 2963 560 3025 in
584 2961 744 3026 Addendis
767 2961 804 3026 ad
822 2960 938 3028 Suidae
961 2961 1130 3026 editionem
1155 2963 1238 3046 (pag.
1258 2957 1352 3038 1767,

228 3073 304 3133 tom.
327 3067 367 3146 ΙΙ,
391 3090 463 3153 pag.
486 3068 531 3152 II)
554 3068 635 3132 illud
659 3068 820 3132 Σικελικόν
842 3072 984 3152 spectare
1008 3072 1116 3131 monet
1140 3068 1179 3132 ad
1199 3066 1353 3151 Epichar-

228 3195 316 3238 mum
338 3175 372 3237 in
395 3175 488 3240 Hom.
512 3175 651 3258 Epimer.
676 3197 748 3260 pag.
774 3181 814 3238 85
840 3171 989 3258 α’γλεοκές
1012 3171 1079 3238 ἐστ’
1103 3169 1288 3260 ἄνθρωπος.

318 3283 425 3366 Atque
448 3284 486 3346 de
509 3289 618 3347 nostro
641 3284 739 3360 valet,
767 3284 851 3367 quod
875 3283 912 3347 de
935 3281 1095 3366 Aeschylo
1122 3281 1368 3366 professus-est.

229 3389 412 3453 Athenaeus
441 3390 518 3473 (402
534 3390 576 3474 b.)
607 3385 656 3452 ὅτι
684 3388 718 3453 δὲ
741 3397 779 3453 A.
808 3388 983 3473 διατρίψας
1011 3386 1043 3452 ἓν
1066 3387 1191 3473 Σικελίᾳ
1215 3389 1361 3468 πολλαῖς,

228 3500 375 3583 κέχρηται
400 3508 522 3582 φωναῖς
545 3497 715 3572 σικελικαῑς
739 3494 828 3560 οὐδὲν
851 3497 1051 3577 θαυμαστόν.

768 3665 817 3724 17.

317 3766 455 3851 Hesych.
478 3790 502 3832 s,
525 3790 553 3830 v.

311 3869 513 3955 Ἅγιεκτος·
538 3871 667 3957 οίγαθός
691 3871 782 3958 παρὰ
806 3869 950 3936 Ῥίνθιονι
970 3877 1148 3957 Ταραντίνῳ
1172 3871 1349 3956 φιλοσόφῳ.

280 4031 282 4034 .
318 3977 475 4066 ἄψεκτος]
502 4003 540 4045 ex
564 3981 645 4064 conj.
670 3980 836 4065 Sopingus.
861 3980 928 4045 cod.
952 3975 1091 4055 ίίοεκτος.

230 4213 313 4278 ζείαν.
345 4210 417 4274 τινὲς
435 4210 507 4278 ζέαν,
540 4205 626 4281 dicon
645 4214 686 4264 est
704 4209 837 4264 frumenti
855 4227 941 4279 genus
960 4209 1111 4279 quoddum3
1132 4203 1244 4282 ὄλύριον
1266 4209 1350 4264 demi·

229 4299 357 4354 nutivum
369 4301 419 4352 aut
434 4295 588 4352 folliculum
598 4298 737 4368 significat
747 4297 881 4352 humenti
891 4300 941 4352 aut
950 4297 1042 4367 ipsum
1051 4315 1162 4367 quoque
1172 4297 1347 4352 frumentum.
