3258 4794
716 269 916 325 „9-

249 441 454 506 similitudine
478 462 599 519 eorum,
627 462 708 525 quos
730 441 824 504 modo
853 442 1117 519 enumeravimus,
1145 441 1221 505 licet
1248 441 1376 505 conclu-

249 549 331 625 dere,
347 548 401 612 sed
417 547 512 612 etiarn
527 547 724 612 luculentum
740 552 963 632 argumentum
978 552 1103 631 praesto
1120 551 1168 612 est
1184 570 1221 612 ex
1237 547 1377 612 Pollucis

193 685 205 698 f
251 655 463 719 Onomastico.
509 653 595 719 Nam
623 655 796 720 seeundum
822 655 1029 719 Eustathium
1058 655 1110 740 (ad
1138 655 1231 720 Dion.
1255 653 1376 738 Perieg.

250 783 278 825 v.
308 767 372 825 376
402 761 510 846 mido}
538 757 634 846 ἤγουν
660 761 816 847 φλύαρος)
845 761 954 846 φλύαξ
985 763 1070 826 idem
1102 762 1260 847 significat
1292 762 1378 845 quod

251 867 402 952 φλύαρος.
449 866 650 932 Vocabulum
678 867 820 954 φλύαρος
843 867 959 932 Pollux
988 869 1071 932 inter
1098 868 1255 932 vocabula
1283 889 1377 951 syno-

249 995 345 1057 nyma
378 978 552 1066 enumerat,
591 996 672 1058 quae
705 971 760 1039 τὸν
792 971 866 1037 ἄνευ
904 975 1035 1060 μελέτης
1073 973 1240 1056 τολμῶντα
1278 975 1379 1056 λέγειν

250 1081 270 1145 i.
294 1103 319 1145 e.
343 1103 416 1145 eum
439 1081 494 1165 qui
517 1103 555 1144 ex
578 1085 723 1164 tempore
745 1082 842 1147 verba
865 1081 951 1160 facit,
975 1081 1163 1166 significant.

340 1186 508 1253 Praeterea
518 1194 624 1254 autern
634 1211 672 1252 ex
683 1188 971 1267 autooabdalorum,
982 1189 1244 1272 ithyphallorum,
1254 1189 1378 1272 phallo-

251 1296 387 1378 phorum
410 1295 618 1360 similitudine
640 1296 790 1380 phlyaces
814 1318 941 1380 quoque
964 1319 1036 1361 oum
1056 1297 1173 1361 Bacchi
1196 1297 1286 1361 cultu
1311 1301 1379 1360 arte

251 1403 426 1466 cohaesisse
448 1403 516 1468 iure
540 1403 687 1467 concludi
713 1407 832 1487 potest3
865 1403 904 1466 ad
932 1405 1017 1487 quod
1046 1404 1125 1467 bene
1155 1405 1290 1487 quadrat
1313 1403 1378 1467 He-

251 1509 351 1593 sychii
360 1510 509 1582 vocabuli
518 1509 627 1594 φλύοξ
643 1510 811 1594 explicatio
827 1513 980 1592 μέθυσος,
997 1511 1193 1595 μεθοοοτής.
1228 1509 1379 1575 Fortasse

250 1616 441 1681 vocabulum
458 1617 565 1702 φλύαξ
580 1618 622 1682 ab
637 1617 706 1700 ipso
722 1617 843 1682 Bacchi
857 1618 985 1682 nominc
1009 1621 1057 1682 est
1080 1619 1270 1694 derivatum3
1302 1641 1377 1681 nam

253 1725 336 1806 apud
360 1722 532 1808 Georgium
560 1724 816 1790 Ghsoerobosoum
844 1725 893 1789 bis
921 1725 981 1810 (ed.
1006 1724 1165 1810 Gaisford)
1195 1748 1224 1808 p.
1251 1731 1329 1802 209,
1359 1731 1377 1787 6

256 1828 354 1906 Φλεύς
378 1827 395 1895 ὁ
419 1831 569 1907 Διόνυσος
591 1837 623 1896 et
645 1831 693 1896 III
715 1856 745 1915 p.
764 1838 825 1896 707
854 1830 954 1908 Φλεύς
977 1829 994 1896 ὁ
1020 1831 1170 1907 Διόνυσος
1193 1831 1379 1896 invenimus,

252 1936 364 2021 Itaque
380 1939 457 2021 quin
475 1939 625 2023 phlyaces
649 1961 774 2024 qnoque
797 1940 951 2023 phallum,
975 1940 1156 2024 symbolum
1180 1940 1284 2004 cultus
1299 1939 1379 2004 Bac-

253 2044 344 2123 chici,
367 2045 571 2130 gestaverint,
594 2047 725 2121 dubium
749 2069 816 2112 esse
839 2069 904 2110 non
926 2051 1039 2130 potest.

341 2152 409 2217 Iam
432 2153 494 2216 hoo
516 2153 641 2218 videtur
665 2157 823 2231 constare,
850 2153 1022 2238 phlyaoum
1050 2159 1149 2218 artem
1176 2153 1273 2218 fuisse
1302 2176 1379 2231 eam,

253 2259 344 2323 utin
368 2258 484 2322 Bacchi
507 2259 660 2324 honorem
684 2258 840 2324 Bacchico
864 2263 1018 2344 apparatu
1040 2261 1187 2324 instructi
1209 2261 1243 2324 in
1266 2281 1380 2324 scaena

142 2401 144 2405 ·
252 2366 387 2448 hymnos
404 2367 543 2430 canendo
560 2365 731 2451 (saltando)
746 2366 859 2431 mimos
875 2368 996 2450 agendo
1013 2389 1051 2430 ex
1067 2370 1208 2448 tempore
1225 2366 1379 2431 eludendo

253 2476 467 2555 spectatorum
489 2471 588 2536 risum
612 2475 784 2536 moverent.
809 2509 852 2518 -

250 2601 253 2606 ·
342 2578 459 2642 Extitit
481 2582 606 2661 praeter
633 2578 693 2641 hoa
721 2577 928 2642 dramaticum
955 2578 1126 2662 phlyacum
1154 2599 1255 2662 genus
1263 2576 1317 2664 ¹³),
1344 2582 1380 2642 ut

255 2684 543 2750 Summerbrodtiur
559 2689 643 2750 recte
661 2684 742 2749 mihi
757 2685 881 2749 videtur
905 2686 1098 2768 exposuisse,
1122 2686 1257 2749 alterum
1280 2706 1380 2769 genus

253 2792 437 2876 phlyacum,
461 2793 545 2876 quod
567 2793 669 2877 magis
693 2793 733 2857 ad
754 2792 865 2876 poesin
888 2792 1021 2876 lyricam
1045 2792 1226 2870 accedebat,
1250 2791 1380 2856 lascivia

255 2903 286 2963 et
300 2899 492 2983 procacitate
506 2900 612 2983 priore
627 2899 788 2964 famosius.
834 2900 882 2963 De
899 2922 962 2983 quo
979 2900 1041 2964 hoc
1064 2899 1135 2963 loco
1158 2899 1254 2963 verba
1277 2899 1381 2964 facere

255 3027 318 3069 non
334 3028 413 3089 opus
435 3012 489 3072 est.
535 3006 754 3072 Rhinthonem
777 3007 870 3086 enim,
893 3008 932 3071 de
956 3029 1019 3090 quo
1043 3028 1102 3070 nos
1126 3006 1259 3090 agimus
1281 3007 1381 3090 priori

254 3113 426 3196 phlyacum
448 3113 558 3198 generi
581 3113 849 3178 adnumerandum
875 3135 942 3177 esse
966 3116 1098 3176 constat.

344 3219 412 3284 lam
440 3219 542 3304 qualis
569 3219 764 3286 Rhinthonis
795 3242 844 3283 ars
871 3219 966 3284 fuerit
993 3219 1026 3282 in
1054 3219 1235 3282 universum
1264 3240 1381 3303 cogno-

246 3325 372 3403 'vimus;
405 3330 472 3390 erat
493 3326 549 3390 ille
572 3326 680 3412 φλίοξ
702 3326 722 3389 i.
746 3348 771 3390 e.
794 3325 889 3388 homo
914 3324 1107 3410 γελοιαοοής.
1156 3324 1269 3407 Neque
1298 3325 1381 3388 enim

329 3577 361 3646 13)
379 3574 474 3629 Fuisse
492 3576 588 3629 autem
606 3574 738 3644 phlyaces
756 3572 786 3627 in
810 3577 915 3628 certam
938 3573 1078 3642 quandam
1101 3572 1264 3626 societatem
1282 3570 1383 3639 Diony-

257 3663 361 3718 siacam
384 3662 568 3733 consociatos,
593 3663 705 3732 qualem
727 3663 852 3717 Athenis
870 3661 1089 3732 ithyphallcrurn
1114 3659 1239 3714 extitisse
1263 3662 1382 3726 constat,

256 3771 314 3809 non
337 3753 477 3821 estquod
500 3752 704 3807 concludamus.
748 3751 808 3818 Qua
830 3752 861 3807 in
884 3769 914 3806 re
937 3750 1071 3825 durantio
1096 3766 1113 3803 a
1136 3748 1382 3819 Sommerbrodtio,

257 3841 307 3910 qui
324 3840 390 3896 inde
408 3842 484 3910 quod
501 3841 701 3911 phallcphoros
721 3844 750 3895 ct
768 3840 967 3894 autocabdalos
981 3838 1078 3894 Senius
1090 3838 1186 3894 Delius
1205 3836 1280 3908 apud
1299 3838 1382 3892 Athe·

257 3947 356 3986 naeum
376 3932 406 3985 et
424 3929 537 3986 Suidam
556 3929 719 4000 ithyphallis
738 3927 842 3984 similas
860 3928 944 3983 trisse
968 3927 1124 3997 significare
1148 3926 1271 3996 videtur,
1296 3925 1383 3980 etiam

257 4020 321 4074 illos
333 4019 364 4074 in
377 4022 482 4075 certum
502 4019 627 4074 ordinem
646 4016 818 4074 consociatos
837 4017 921 4072 fuisse
939 4019 1029 4087 putat.
1067 4016 1121 4071 Sed
1139 4017 1174 4072 de
1192 4016 1246 4069 hac
1264 4033 1295 4072 re
1313 4015 1383 4070 nihil

258 4112 375 4165 constat.
404 4109 619 4164 similitudinem
633 4107 768 4164 interesse
780 4107 945 4177 ithyphallis
958 4125 1020 4162 cum
1033 4105 1225 4162 antocabdalis
1238 4109 1267 4161 et
1277 4106 1384 4176 phallo-

257 4198 352 4269 phoris
370 4197 484 4254 minime
503 4197 677 4268 negaverim
708 4196 797 4266 qualis
816 4194 900 4251 fuerit
918 4213 1021 4250 noman
1038 4195 1130 4265 ipsum
1149 4211 1245 4248 ansam
1268 4195 1384 4264 praebet

259 4287 452 4358 cognoscendi.
488 4286 557 4341 Erat
577 4304 611 4341 ea
629 4285 688 4341 cine
707 4286 792 4342 dubio
811 4285 905 4356 posita
922 4285 952 4338 in
971 4285 1074 4355 phallo.
