3258 4794
687 244 906 300 -46ῃ

241 417 452 501 Βροαλίχα·
487 417 663 502 πρόσωπον
694 426 871 500 γυναικεῖον

242 523 365 606 γελοῖον
407 525 461 586 καὶ
499 520 627 608 αἰσχρὸν
665 525 870 606 περιτίθεται

242 625 296 694 καὶ
333 641 496 714 γυναικεῖα
538 629 653 711 ἱμάτια
696 626 870 702 ἐνδίδοται,
911 707 913 710 ¹

242 734 322 801 ὅθεν
344 738 398 801 καὶ
420 735 491 813 τὰς’
506 736 635 819 μαχλὰς
662 737 872 821 βροαλίχας

244 844 375 908 καλοῦσι
400 845 562 920 Λάκωνες·

330 951 453 1015 Notum
475 932 686 1036 marginalem
708 951 741 1014 in
756 951 818 1014 fine
841 965 940 1033 pono:

242 1055 333 1145 παρὰ
343 1057 390 1142 τῴ
404 1055 549 1122 Ῥίνθωνι
559 1057 617 1144 τὴν
632 1055 872 1144 ὀρχηστρίαν.43)

331 1165 510 1250 Βροαλίχα]
536 1187 574 1229 ex
598 1164 738 1244 Polluce·
760 1165 815 1248 qui
838 1164 1001 1228 meliorem
1025 1161 1213 1244 scripturam
1237 1158 1367 1242 praebet

215 1333 217 1338 .
243 1294 338 1355 quam
362 1272 514 1356 Hesychii
538 1274 635 1337 codex
661 1273 924 1355 corruptissimus,

332 1376 475 1464 μαχλοὶς]
506 1402 544 1443 ex
572 1379 752 1444 coniectura
783 1401 866 1455 mea3
900 1378 966 1442 cod.
998 1374 1126 1462 μαχρὰς
1158 1361 1243 1459 quod
1275 1395 1369 1437 sensu

244 1489 338 1550 caret.
383 1486 507 1566 μαχλαί
528 1467 634 1551 autem
656 1486 810 1551 hetaerae.
873 1497 876 1502 '
1114 1475 1117 1482 ⁴

334 1588 534 1678 ὀρχήοιριαν]
560 1616 599 1657 ex
622 1593 701 1657 coni.
727 1615 810 1669 mea3
839 1593 905 1658 coci
935 1589 1113 1679 ὀρχίοτραν·
1143 1590 1181 1653 de
1207 1587 1368 1652 saltatrice

244 1698 378 1783 cogitari
405 1722 499 1783 posse
530 1700 594 1764 loci
624 1707 651 1764 3.
681 1708 710 1766 4.
740 1707 768 1765 6.
797 1701 919 1764 docent.
970 1699 1067 1763 Patet
1098 1697 1174 1760 iam-
1195 1701 1369 1760 ceterorum

244 1827 370 1890 quoque
394 1807 537 1872 locorum
560 1808 695 1872 medela:

337 1914 383 1999 (3)
406 1915 588 2000 βροαλίχαι·
614 1919 703 2002 χοροί
725 1937 807 1990 τινες
831 1911 989 1999 ὀρχηοτιῦν
1013 1910 1103 1996 παρὰ
1129 1911 1269 1975 Λάκωσι.

337 2022 384 2105 (4)
408 2022 593 2108 βροαλίχης·
619 2021 768 2108 χορεοτνῖς

335 2129 382 2213 (5)
407 2129 619 2213 βρναλιχίόες·
644 2127 823 2212 βακχιιίόος.

787 2276 836 2336 19.

335 2378 716 2463 Hesych.s.v.1¹otcor'.
744 2379 884 2460 μάντεις.
916 2369 1004 2442 οὗτοι
1032 2374 1115 2441 κατὰ
1143 2374 1201 2461 τὴν
1229 2374 1371 2438 Σικελίαν

246 2483 378 2572 ᾤκησαν.
418 2487 471 2549 καὶ
494 2490 581 2569 γένος
604 2510 635 2548 τι
658 2482 702 2561 ὥς
725 2506 802 2570 φησι
829 2483 1015 2570 Φανόδημος
1030 2485 1084 2548 καὶ
1102 2481 1235 2547 Ῥίνθων
1254 2489 1371 2565 Ταραν-

177 2659 179 2664 ,
247 2604 339 2668 τίνος.

335 2699 444 2784 γαλεοί
471 2699 572 2781 pisces
601 2703 674 2763 sunt
702 2699 786 2782 apud
814 2697 1044 2773 Rhiuthonem,
1076 2695 1171 2759 iidem
1202 2695 1256 2778 qui
1290 2693 1373 2776 apud

249 2806 410 2870 Romanos
434 2805 537 2888 squali
561 2804 718 2869 dicuntur.

337 3037 474 3120 Hesych.
491 3059 514 3101 s.
530 3059 558 3100 v.
575 2953 889 3121 Καλιαβρίαν2·οτὴν
905 3040 1095 3099 Μεσοαπίαν
1111 3035 1216 3119 χώραν
1230 3030 1371 3097 Ῥίνθων.

788 3182 838 3241 21.

340 3285 477 3368 Hesych.
494 3308 517 3350 s.
533 3308 560 3348 v.
579 3285 772 3370 Καρκαρα·
806 3280 885 3348 οὕλα
909 3281 928 3348 ὁ
950 3283 1063 3369 ὄιήτω·
1096 3285 1150 3347 καὶ
1173 3280 1214 3347 τὰ
1242 3284 1375 3347 ποικίλα

247 3393 287 3476 τῇ
316 3388 408 3474 ὄψει,
442 3392 495 3454 καὶ
524 3389 661 3476 ἕπιτορολ
689 3390 780 3480 παρὰ
811 3390 983 3476 Σιμωνίδῃ·
1017 3388 1094 3456 ἔνιοι
1125 3388 1185 3466 τοὶς
1216 3389 1374 3476 μα’νόρας·

247 3503 379 3562 Ῥίνθων
405 3500 459 3562 ταὶ
486 3500 526 3584 τῇ
555 3495 685 3584 οὐρανίᾳ
714 3489 773 3583 ἦρι..
815 3498 904 3563 Felix
931 3499 965 3562 in
994 3499 1186 3562 emendando
1214 3499 1275 3562 hoc
1303 3497 1375 3561 loco

248 3606 340 3670 valde
379 3611 527 3688 corrupto
569 3604 804 3689 Bernhardyius
842 3605 876 3667 in
913 3605 1018 3668 adnot.
1056 3605 1096 3668 ad
1133 3604 1262 3670 Suidam
1296 3627 1320 3669 s.
1347 3625 1376 3668 v.

250 3716 390 3776 Ρίνθωνῑ
423 3703 503 3776 οὖλα
530 3712 594 3776 τιῦν
621 3710 767 3777 ὀδόντων.
807 3712 861 3776 καὶ
887 3709 928 3775 τοὶ
957 3711 1091 3776 ποικίλα
1123 3711 1164 3796 τῇ
1197 3708 1283 3795 ὄψει.
1323 3713 1376 3774 καὶ

341 3852 374 3924 ⁴³)
393 3852 524 3922 Hesychii
543 3851 634 3908 editor
652 3854 725 3906 hunc
743 3852 774 3905 in
792 3853 902 3907 modum
921 3852 1014 3906 locum
1032 3851 1170 3907 rest'tuit:

340 3943 520 4014 βρνλλιχίδει·
540 3937 692 4012 πρόσωπον
710 3950 868 4010 γυναικεῖον
880 3941 1053 4013 περιτίθεται
1065 3945 1112 3996 καὶ
1125 3948 1270 4010 γυναικεῖα
1282 3937 1377 4009 ἱμάτια

252 4029 401 4086 ἐνδίδοται.
431 4021 499 4086 ὅθεν
521 4035 568 4086 καὶ
592 4026 641 4094 τὰς
663 4025 771 4101 μαχράς
793 4031 941 4102 βρνλλίχας
963 4035 1078 4085 καλοῦσι
1097 4027 1232 4094 Λάκωνες
1250 4025 1326 4102 παρὰ
1344 4025 1377 4085 τὸ

252 4125 361 4189 γελοῖον
379 4123 426 4174 καὶ
446 4116 569 4190 αίοχρόν.
601 4113 755 4174 ὁῬίνθων
773 4113 823 4187 τὴν
842 4113 1016 4190 ὀρχηστρίαν.

341 4207 483 4272 Quomodo
501 4207 574 4262 hano
586 4209 733 4262 verborum
752 4207 851 4262 seriem
869 4211 965 4262 natam
979 4224 1037 4262 esse
1050 4207 1104 4261 sibi
1123 4208 1212 4278 fingat
1225 4206 1267 4262 vir
1280 4209 1376 4262 doctus

251 4316 307 4352 non
327 4296 421 4366 liquet.
895 4311 900 4320 ·
