3258 4794
697 229 919 288 ,.,]4...

246 401 386 464 monium
406 399 500 464 nihili
522 406 622 483 putet,
648 402 702 485 qui
726 402 852 485 quidem
876 403 986 466 unicus
1010 402 1099 492 testis
1122 404 1164 467 sit
1188 405 1226 467 de
1249 409 1369 487 tempo·

245 507 333 570 ribus
349 506 543 570 Rhinthonis
560 512 654 591 atque
670 511 755 572 recte
771 509 946 573 dramatum
964 531 1129 573 numerum
1151 510 1243 574 nobis
1267 533 1370 574 serva-

245 615 305 693 vit,
332 620 369 678 ut
392 612 546 697 Stephani
574 603 725 698 Byzantii
748 616 937 681 auctoritate
965 618 1121 682 docemur.
1168 617 1279 702 ltaque
1306 641 1370 682 000

245 721 347 785 habeo
371 743 426 785 cur
448 719 565 808 Suidae
587 722 693 785 verbis
717 722 865 786 diffidam.

333 827 630 912 Neglexitdenique
647 828 835 911 scriptorum
847 829 1030 893 Latinorum
1046 830 1275 909 auctoritatem,
1292 854 1370 914 quos
1447 841 1453 856 ⁴

245 956 342 1017 supra
366 933 607 1017 composuimus,

333 1041 434 1105 Immo
450 1063 526 1105 vero
543 1041 721 1104 comoedias
738 1040 931 1105 Rhinthonis
952 1042 1077 1106 fabulas
1102 1043 1198 1106 firisse
1222 1065 1280 1128 ego
1305 1046 1370 1128 qni-

245 1151 315 1212 dem
339 1148 516 1225 statuerim,
544 1147 605 1212 nisi
629 1153 732 1212 certae
758 1154 832 1213 sunt
860 1171 972 1212 causae
1001 1150 1115 1233 quihus
1143 1151 1204 1215 hoc
1232 1156 1370 1216 statuere

243 1260 397 1321 vetamur.
442 1254 551 1338 Ipsum
574 1255 764 1318 vocabulum
789 1255 896 1340 φλύαξ
919 1278 1034 1338 neque,
1063 1278 1160 1339 quum
1184 1259 1216 1321 in
1246 1258 1369 1322 univer-

244 1385 314 1426 sum
342 1362 502 1426 hominem
530 1361 715 1446 γελοιοστήν
743 1361 915 1445 significet,
948 1363 988 1426 ab
1016 1363 1143 1427 homine
1172 1365 1292 1428 comico
1321 1370 1369 1429 est

245 1469 383 1533 alienum
411 1491 512 1552 neque
542 1489 578 1531 eo
612 1489 718 1546 sensu,
751 1490 845 1551 quern
877 1491 934 1532 nos
958 1470 998 1533 ab
1032 1469 1187 1533 artificum
1219 1471 1368 1534 similium

244 1577 392 1660 analogia
413 1575 548 1660 profecti
570 1575 642 1639 inde
672 1575 783 1639 elicere
811 1575 916 1640 conati
943 1598 1051 1640 sumus
1079 1599 1151 1641 cunr
1179 1578 1369 1641 vocabulum

247 1684 286 1748 ed
302 1688 490 1767 apparatum
513 1681 691 1747 scaenicum
714 1681 784 1745 dieo
808 1682 952 1765 phallum
977 1686 1007 1745 et
1032 1683 1069 1746 ad
1093 1683 1204 1747 ludum
1228 1707 1266 1748 ex
1289 1689 1368 1748 teru-

243 1812 319 1873 pore
341 1790 462 1854 factum
485 1789 641 1874 pertinere
666 1788 842 1853 statuimus.
933 1775 936 1783 ¹

333 1897 423 1974 Quod
438 1901 600 1980 praeterea
616 1895 707 1959 affert
729 1917 756 1959 v.
773 1895 801 1959 d.
825 1899 861 1958 ut
884 1896 1075 1960 comoediam
1101 1897 1152 1961 hic
1175 1899 1281 1965 locum
1304 1923 1369 1964 000

243 2003 360 2068 habere
393 2004 599 2080 demonstret,
636 2024 700 2066 000
731 2006 815 2065 recte
848 2001 902 2066 ille
940 2003 1083 2067 attulisse
1120 2003 1199 2067 mihi
1236 2006 1368 2069 videtur.

244 2111 379 2176 Graecos
404 2111 488 2174 enim
516 2133 534 2173 a
558 2109 691 2174 Doricae
720 2109 898 2173 comoediae
927 2109 1024 2173 initiis
1053 2133 1162 2175 omnes
1190 2114 1368 2178 comoediae

244 2218 362 2302 species
386 2217 563 2281 comoedias
587 2215 796 2299 appellavisse
818 2237 920 2298 neque
949 2217 1032 2281 ullas
1061 2219 1250 2283 comicarum
1278 2221 1368 2284 fabu-

243 2327 346 2390 larum
362 2323 557 2389 diversitates
581 2322 772 2387 stabilivisse
796 2344 895 2406 eaque
919 2324 957 2386 de
981 2345 1074 2388 causa
1097 2325 1220 2388 nullam
1243 2349 1368 2391 causam

242 2433 340 2498 fuisse
369 2432 511 2514 exponit,
544 2453 599 2495 our
625 2429 820 2494 Rhinthouis
853 2430 977 2494 fabulas
1010 2432 1140 2514 proprio
1173 2434 1370 2516 appellarent
1412 2435 1415 2440 ’

242 2539 379 2604 nomine.
396 2538 555 2602 -Erant
577 2541 725 2619 poemata
749 2535 940 2600 Rhinthonis
964 2537 1030 2601 sine
1054 2538 1150 2602 dubio
1172 2538 1300 2604 fabulae
1323 2547 1368 2604 at-

243 2669 305 2731 que
328 2644 529 2729 pertinebant
552 2643 591 2706 ad
619 2663 719 2726 genus
749 2642 917 2719 comicum;
950 2644 1057 2727 itaque
1087 2645 1112 2707 si
1137 2645 1249 2709 Graeci
1278 2647 1368 2711 fabu-

242 2756 345 2819 larum
362 2752 550 2817 comicorum
574 2749 770 2813 diversitates
792 2770 857 2811 non
881 2749 1111 2826 stabiliverunt,
1135 2752 1210 2834 quid
1234 2757 1289 2830 est,
1314 2775 1369 2816 cur

243 2860 438 2926 comoediam
448 2881 518 2922 eam
534 2857 693 2940 appellare
709 2855 897 2932 dubitemus,
912 2857 1097 2937 praesertim
1114 2879 1212 2940 quum
1227 2864 1368 2924 veterum

243 2966 424 3032 testimonia
447 2965 560 3029 diserte
584 2963 665 3026 idem
689 2965 860 3027 moneant?

333 3075 384 3138 De
398 3071 592 3157 argumentis
608 3075 639 3134 et
654 3074 768 3133 natura
784 3068 912 3132 fabulae
928 3069 1168 3149 Rhinthouicae,
1193 3095 1273 3157 quae
1294 3097 1368 3138 sane

242 3183 355 3246 habuit
378 3181 497 3264 aliquid
521 3177 654 3262 proprii,
681 3176 858 3240 litterarum
887 3178 1099 3242 monumentis
1127 3180 1161 3242 in
1190 3181 1367 3246 universum

243 3295 368 3353 tantum
392 3289 547 3351 docemur.

334 3395 458 3459 Nomen
487 3390 773 3475 hilarotragoediae
806 3390 890 3454 viam
923 3391 1098 3456 coniciendi
1130 3394 1260 3457 indicat:
1300 3400 1366 3456 erat

243 3504 342 3588 igitur
356 3501 521 3586 tragoedia
536 3498 640 3583 ἱλαροί,
664 3497 760 3560 idest
783 3496 816 3559 in
839 3497 1006 3560 ridiculum
1030 3519 1120 3561 versa
1136 3499 1284 3582 (Hesych.
1302 3523 1324 3564 s.
1341 3524 1367 3565 v.

243 3609 379 3694 γελοιός·
413 3607 529 3692 ἱλαρός.
575 3603 758 3688 γελοιασοιξς
788 3603 855 3687 [καὶ
886 3599 903 3665 ὁ
931 3604 1165 3686 καταγέλαστος
1193 3601 1369 3691 ἄνθρωπος

242 3718 296 3782 καὶ
319 3715 474 3800 λοίδορος]
493 3713 601 3796 Steph.
617 3712 691 3795 Byz.
716 3715 748 3774 et
766 3709 854 3776 Eust.
878 3707 918 3771 τὰ
943 3708 1077 3794 τραγικὰ
1101 3712 1370 3797 μετοῤῥοθμίζιον

243 3822 274 3899 ἐς
297 3821 333 3886 ad
358 3823 479 3906 γελοῖον
502 3842 542 3883 sc.
566 3817 720 3900 Ῥίνθων).
769 3815 875 3898 Atque
903 3815 934 3877 in
964 3816 1158 3898 explicandis
1186 3819 1236 3882 bis
1264 3820 1368 3883 verbis

244 3954 315 3995 oum
339 3927 607 3995 Sommerbrodtio
631 3923 804 4007 ceterisque
828 3923 917 3999 facio,
944 3923 997 4005 qui
1021 3921 1062 3986 cd
1087 3924 1221 4009 τραγικοὶ
1246 3926 1307 3990 nisi
1330 3928 1368 3990 de

242 4037 415 4122 tragoediis
444 4035 577 4099 aliorum
607 4031 667 4095 dici
694 4052 759 4093 000
787 4028 927 4112 potuisse
958 4034 1118 4094 censentes
1146 4052 1209 4095 nou
1237 4033 1270 4094 in
1300 4034 1368 4097 uni·

243 4167 368 4209 versum
392 4145 579 4226 argumenta
604 4176 647 4185 -
669 4137 790 4220 tragica
814 4135 867 4198 sed
892 4135 1026 4198 aliorum
1051 4141 1214 4219 poetarum
1242 4143 1368 4224 tragoe-

244 4252 310 4316 dias
326 4252 357 4314 in
375 4249 543 4314 ridiculum
558 4249 696 4309 mutatas
714 4265 779 4306 esse
804 4243 843 4305 ab
868 4263 904 4304 eo
929 4241 1118 4308 existimant.
1165 4246 1214 4308 Ad
1240 4248 1368 4312 eandem
