3258 4794
707 271 905 327 -.ss...

242 441 309 524 (καὶ
336 439 543 525 περιέζωνται
576 440 809 524 Ταριοπινίάιον
837 441 1002 505 καλύπτον
1030 439 1147 518 αὐτοὺς
1179 449 1271 529 μέχρι
1304 443 1366 520 τῶν

241 546 368 633 σφυρῶν
383 546 494 613 Semus
515 572 564 633 ap.
581 546 657 614 Ath.
673 550 694 614 l.
710 548 753 634 1.).
798 549 967 614 Praeterea
986 550 1131 635 phallum
1151 571 1205 642 cos¹
1227 553 1366 634 gestasse

242 658 273 718 et
295 655 400 737 ipsum
422 678 536 719 nomen
561 657 699 720 declarat
723 660 754 720 et
778 656 932 740 Hesychii
955 656 1071 722 Suidae
1095 657 1319 721 testimonium.

330 761 416 827 Suid.
440 784 463 828 s.
487 785 514 826 v.
539 761 733 847 ἶθυφιίλλοι·
769 761 799 826 οἱ
823 761 934 848 έφοροι
958 763 1105 848 (Photius
1133 767 1166 827 et
1188 749 1366 847 Hesychius
1430 815 1458 852 4

240 864 396 953 ἐπίορκοι)
423 870 575 933 Διονύσου
599 870 653 933 καί
680 866 936 946 ἀκολουθοῦντες
964 869 1010 954 τῷ
1038 870 1152 956 φάλλφ
1177 910 1217 918 -
1242 871 1363 953 λέγεται

240 972 273 1038 ἀὲ
294 975 418 1059 φάλλος
439 971 570 1056 ὁτὲμὲν
592 973 629 1039 τὸ
653 973 855 1057 ἐντεταμένον
879 974 1000 1040 αἰδοῖον
1022 977 1088 1040 κτλ.
1136 977 1275 1060 Hesych.
1296 1001 1320 1043 s.
1336 1001 1364 1040 v.

212 1147 213 1154 ¹
241 1079 435 1166 ἰθύφαλλοι·
471 1081 500 1145 οἱ
525 1080 671 1167 ἐπιάρκοι
696 1084 763 1167 (ubi
787 1084 940 1147 Διονύσου
964 1084 1188 1168 supplendum)
1212 1085 1266 1148 καὶ
1293 1081 1366 1148 ἀκο-
1395 1071 1397 1076 ’

240 1187 433 1264 λουθοῦντες
460 1189 506 1273 τῷ
534 1188 649 1274 φάλλφ
671 1227 716 1236 -
739 1191 863 1273 λέγεται
887 1189 921 1254 δέ
944 1192 999 1275 (sc.
1024 1187 1041 1253 ὁ
1065 1191 1200 1275 φάλλος)
1231 1188 1281 1253 ἐπέ
1309 1191 1367 1272 μέν

240 1293 278 1358 τὸ
301 1292 503 1376 ἐντεταμένον
526 1293 655 1360 αἰδοῖον.
682 1335 723 1344 -

330 1401 411 1467 Sem.
427 1404 447 1468 l.
464 1404 483 1467 l.
501 1402 573 1488 σιμῇ
588 1402 622 1466 δὲ
638 1401 691 1467 ἀιά
713 1404 770 1466 του
795 1404 941 1479 πυλῶνος
964 1403 1160 1480 εἰςελθόντες
1184 1401 1261 1467 ὅταν
1282 1403 1365 1468 κατά

239 1507 576 1596 με’σηντὴνάρχήστραν
581 1514 731 1592 χένωνιαι
737 1508 1029 1596 ἐπιστρέφουσι-νεές
1034 1509 1071 1574 τὸ
1077 1514 1216 1594 θέατρον
1226 1501 1367 1594 λέγοντες

446 1650 578 1736 ἀνάγετ’)
601 1650 794 1739 εὐρυχωρίαν

444 1771 566 1824 ποιεῖτε
590 1760 635 1844 τῷ
658 1760 729 1846 θεῷ

444 1865 548 1930 ἐθέλει
574 1865 633 1952 γάρ
658 1864 675 1931 ὁ
700 1866 779 1943 θεὸς
803 1865 903 1951 ὀρθὸς
926 1865 1145 1953 ἐσφυρωμένος

444 1972 497 2038 (ltu
521 1979 617 2055 μέσου
641 1973 788 2057 βαδίζειν,

328 2118 504 2202 Ithyphalli
532 2119 631 2203 igitur
659 2141 759 2203 aeque
787 2124 882 2202 atque
915 2119 1116 2183 autocabdali
1149 2141 1220 2184 cum
1248 2119 1366 2183 Bacchi

239 2227 328 2290 cultu
344 2226 503 2290 coniuncti
519 2231 621 2303 erant;
653 2227 715 2292 hoc
731 2227 844 2290 docent
864 2248 1006 2305 coronae,
1029 2227 1218 2308 μεθυόντων
1241 2248 1363 2312 προσω1

240 2344 331 2408 πεῑα,
366 2333 506 2417 phallus,
538 2333 675 2416 hymnus
703 2333 838 2416 denique
865 2332 898 2396 in
927 2332 1101 2408 Bacchum3
1138 2355 1211 2397 nam
1240 2331 1257 2398 ὁ
1285 2332 1365 2410 θεὸςΙ

241 2437 340 2524 ὀρθὸς
363 2437 582 2525 ἐσφερομένας
605 2441 750 2504 Bacchus
774 2440 863 2524 est.⁸)
910 2439 1060 2524 Agebant
1082 2462 1156 2504 vero
1179 2441 1217 2504 in
1245 2463 1364 2516 scaena,

240 2569 337 2630 quum
359 2549 392 2611 iu
417 2548 547 2612 chorum
571 2548 740 2612 consociati
765 2548 958 2612 orchestram
984 2549 1146 2612 intrarent.
1185 2547 1367 2613 Utebuntur

238 2655 381 2736 personis
405 2655 574 2718 ebriorum.

327 2761 395 2825 Nec
419 2762 522 2825 minus
551 2761 756 2844 phallophori
784 2782 855 2824 cum
879 2760 998 2824 Bacchi
1026 2761 1113 2824 cultu
1142 2760 1365 2836 cohaerebant;

239 2868 392 2952 phallum,
409 2867 525 2932 Bacchi
535 2868 721 2951 symbolum,
738 2889 791 2930 eos
806 2871 946 2951 gestasse
960 2867 1065 2949 ipsum
1081 2889 1196 2931 nomen
1213 2867 1365 2945 declarat3

238 2979 400 3057 practerea
423 2979 578 3058 στέφανον
600 2971 697 3036 ἀασάν
720 2971 778 3035 ἰ’ων
801 2971 992 3036 καὶ’κιττοῦ
1020 2977 1259 3057 περιτίθενται,·
1293 2996 1365 3038 can-

238 3087 307 3144 tum
330 3081 364 3144 in
387 3081 548 3146 Bacchum
572 3081 756 3144 cantabant:

444 3206 507 3279 Σοὶ,
532 3205 647 3283 Βάκχε,
672 3202 766 3267 τάνάε
789 3203 912 3286 μοῦσαν
935 3201 1128 3287 ἀγλαίζομεν

421 3314 474 3375 καὶ
496 3309 562 3394 μάν
585 3309 837 3397 ἀπαρθένευτον.
873 3309 945 3375 οὔτε
968 3323 1039 3386 ταῖς
1062 3311 1168 3397 πάρος

422 3420 607 3504 κεχρήμεθα
630 3418 688 3500 μὲν
712 3416 850 3503 ᾠδαῖσιν,
875 3415 951 3482 ἀλλ’
976 3415 1134 3502 ἀκήρατον

421 3527 621 3611 κατάρχομεν
644 3523 699 3589 τὸν
722 3522 829 3606 ὕμνον.

311 3687 331 3755 ⁸)
345 3687 446 3740 Athen.
461 3686 493 3755 ΙΙ,
508 3685 532 3738 7.
566 3680 720 3755 Φιλόχορὸς
735 3701 818 3752 φησιν
831 3677 1013 3752 Ἀμφικτύονα
1026 3677 1076 3737 τὸν
1089 3677 1238 3752 Ἀθηναίων
1250 3681 1365 3755 βασιλέα

239 3771 368 3842 μαθόντα
387 3769 462 3846 παρὰ
480 3770 615 3828 Διονύσου
634 3767 685 3842 τὴν
702 3777 752 3827 τοῦ
771 3768 848 3827 οἴνου
866 3776 966 3843 κρᾶσιν
984 3775 1097 3843 πρῶτον
1114 3769 1237 3843 κεράσαι,
1257 3767 1301 3827 διὸ
1319 3775 1364 3825 καί

240 3857 366 3934 ὀρθοὺς
389 3862 519 3933 γενέσθαι
543 3856 608 3926 τοὺς
632 3856 799 3933 ἀνθρώπους
823 3852 896 3916 οὕτω
919 3861 1051 3924 πίνοντας
1073 3857 1211 3932 πρότερον
1233 3855 1288 3915 ὑπὸ
1316 3864 1366 3913 τοῦ

240 3947 363 4024 ἀκράτου
381 3951 602 4020 καμπτομένους.
643 3953 689 4005 καὶ
708 3945 753 4004 διὰ
777 3956 860 4005 τοῦτο
884 3948 1048 4022 ἱδρύσασθαι
1071 3945 1169 4021 βωμὸν
1187 3944 1285 4022 Ὀρθοῦ
1303 3951 1364 4003 Λιο-

240 4038 324 4096 νὺσου
339 4039 369 4096 έν
388 4045 427 4114 τῷ
446 4045 503 4094 τῶν
520 4035 611 4113 Ὡρῶν
630 4037 704 4114 ἱερῷ.
718 4071 752 4080 -
765 4037 962 4112 ἐσφυρωμένος
980 4039 1054 4108 quod
1073 4030 1148 4106 άπαξ
1166 4037 1311 4111 εἰρημένον
1330 4040 1365 4094 ub

239 4130 461 4201 Ithyphallcrum
484 4129 681 4196 similitudine,
713 4130 761 4199 qui
784 4128 964 4201 περιέζωνται
992 4129 1199 4199 Ταραντινίδιον
1225 4125 1367 4183 καλύπτον

239 4214 340 4283 αὐτοὺς
357 4219 438 4292 μέχρι
458 4224 515 4274 τῶν
534 4223 660 4290 σφυρῶν,
689 4219 728 4274 sic
747 4219 869 4288 explico:
898 4219 1004 4274 cinctus
1028 4219 1100 4273 stola
1120 4217 1272 4273 Tarentina
1295 4236 1367 4288 quae

240 4311 275 4363 ud
292 4309 371 4380 pedis
390 4309 533 4364 malleolos
553 4326 639 4378 usque
658 4326 722 4362 eum
740 4307 821 4378 tegit.
