<?xml version="1.0" encoding="UTF-8"?>
<!DOCTYPE html PUBLIC "-//W3C//DTD XHTML 1.0 Transitional//EN"
    "http://www.w3.org/TR/xhtml1/DTD/xhtml1-transitional.dtd">
<html xmlns="http://www.w3.org/1999/xhtml" xml:lang="en" lang="en">
 <head>
  <title>
</title>
<meta http-equiv="Content-Type" content="text/html;charset=utf-8" />
  <meta name='ocr-system' content='tesseract 3.04.00' />
  <meta name='ocr-capabilities' content='ocr_page ocr_carea ocr_par ocr_line ocrx_word'/>
</head>
<body>
  <div class='ocr_page' id='page_1' title='image "./rhinthonisfragm00voelgoog_0038.png"; bbox 0 0 3258 4794; ppageno 0'>
   <div class='ocr_carea' id='block_1_1' title="bbox 706 213 927 270">
    <p class='ocr_par' dir='ltr' id='par_1_1' title="bbox 706 213 927 270">
     <span class='ocr_line' id='line_1_1' title="bbox 706 213 927 270; baseline 0.005 -18"><span class='ocrx_word' id='word_1_1' title='bbox 706 213 927 270; x_wconf 60' lang='lat'>„29-</span> 
     </span>
    </p>
   </div>
   <div class='ocr_carea' id='block_1_2' title="bbox 247 384 1449 1540">
    <p class='ocr_par' dir='ltr' id='par_1_2' title="bbox 252 384 1449 896">
     <span class='ocr_line' id='line_1_2' title="bbox 252 384 1383 470; baseline 0.004 -23"><span class='ocrx_word' id='word_1_2' title='bbox 252 384 444 468; x_wconf 85' lang='lat' dir='ltr'>ingreditur,</span> <span class='ocrx_word' id='word_1_3' title='bbox 472 385 628 448; x_wconf 75' lang='lat' dir='ltr'>claudicat</span> <span class='ocrx_word' id='word_1_4' title='bbox 656 385 741 449; x_wconf 88' lang='lat' dir='ltr'>finis:</span> <span class='ocrx_word' id='word_1_5' title='bbox 775 385 932 449; x_wconf 74' lang='lat' dir='ltr'>execratio</span> <span class='ocrx_word' id='word_1_6' title='bbox 963 386 1083 470; x_wconf 82' lang='lat' dir='ltr'>gravis,</span> <span class='ocrx_word' id='word_1_7' title='bbox 1114 409 1199 470; x_wconf 89' lang='lat' dir='ltr'>quae</span> <span class='ocrx_word' id='word_1_8' title='bbox 1225 408 1261 451; x_wconf 89' lang='lat' dir='ltr'>eo</span> <span class='ocrx_word' id='word_1_9' title='bbox 1289 409 1383 451; x_wconf 89' lang='lat' dir='ltr'>versu</span> 
     </span>
     <span class='ocr_line' id='line_1_3' title="bbox 254 491 1449 577; baseline 0.003 -22"><span class='ocrx_word' id='word_1_10' title='bbox 254 491 441 570; x_wconf 74' lang='lat' dir='ltr'>continetur,</span> <span class='ocrx_word' id='word_1_11' title='bbox 464 492 596 556; x_wconf 86' lang='lat' dir='ltr'>ridicula</span> <span class='ocrx_word' id='word_1_12' title='bbox 612 492 650 556; x_wconf 93' lang='lat' dir='ltr'>fit</span> <span class='ocrx_word' id='word_1_13' title='bbox 673 514 710 556; x_wconf 87' lang='lat' dir='ltr'>eo</span> <span class='ocrx_word' id='word_1_14' title='bbox 735 493 819 576; x_wconf 87' lang='lat' dir='ltr'>qaod</span> <span class='ocrx_word' id='word_1_15' title='bbox 844 513 952 558; x_wconf 87' lang='lat' dir='ltr'>versus</span> <span class='ocrx_word' id='word_1_16' title='bbox 977 497 1024 557; x_wconf 89' lang='lat' dir='ltr'>est</span> <span class='ocrx_word' id='word_1_17' title='bbox 1047 493 1258 570; x_wconf 84' lang='lat' dir='ltr'>choliambus3</span> <span class='ocrx_word' id='word_1_18' title='bbox 1290 516 1381 577; x_wconf 88' lang='lat' dir='ltr'>prae·</span> <span class='ocrx_word' id='word_1_19' title='bbox 1446 539 1449 542; x_wconf 91' lang='lat'>-</span> 
     </span>
     <span class='ocr_line' id='line_1_4' title="bbox 252 581 1381 684; baseline 0.003 -22"><span class='ocrx_word' id='word_1_20' title='bbox 252 604 353 676; x_wconf 87' lang='lat' dir='ltr'>terea,</span> <span class='ocrx_word' id='word_1_21' title='bbox 381 581 552 683; x_wconf 90' lang='lat' dir='ltr'>quodiam</span> <span class='ocrx_word' id='word_1_22' title='bbox 575 621 670 682; x_wconf 91' lang='lat' dir='ltr'>supra</span> <span class='ocrx_word' id='word_1_23' title='bbox 693 621 724 682; x_wconf 89' lang='lat' dir='ltr'>p.</span> <span class='ocrx_word' id='word_1_24' title='bbox 750 605 789 664; x_wconf 83' lang='lat'>17</span> <span class='ocrx_word' id='word_1_25' title='bbox 819 623 864 684; x_wconf 91' lang='lat' dir='ltr'>sq.</span> <span class='ocrx_word' id='word_1_26' title='bbox 895 600 1074 665; x_wconf 83' lang='lat' dir='ltr'>accuratius</span> <span class='ocrx_word' id='word_1_27' title='bbox 1102 600 1319 684; x_wconf 89' lang='lat' dir='ltr'>exposuimus,</span> <span class='ocrx_word' id='word_1_28' title='bbox 1347 601 1381 665; x_wconf 87' lang='lat' dir='ltr'>in</span> 
     </span>
     <span class='ocr_line' id='line_1_5' title="bbox 252 706 1381 790; baseline 0.003 -21"><span class='ocrx_word' id='word_1_29' title='bbox 252 706 323 789; x_wconf 89' lang='lat' dir='ltr'>ipsa</span> <span class='ocrx_word' id='word_1_30' title='bbox 342 707 498 770; x_wconf 89' lang='lat' dir='ltr'>sententia</span> <span class='ocrx_word' id='word_1_31' title='bbox 521 707 647 771; x_wconf 88' lang='lat' dir='ltr'>ridiculi</span> <span class='ocrx_word' id='word_1_32' title='bbox 670 707 791 790; x_wconf 90' lang='lat' dir='ltr'>aliquid</span> <span class='ocrx_word' id='word_1_33' title='bbox 814 707 903 785; x_wconf 87' lang='lat' dir='ltr'>inest,</span> <span class='ocrx_word' id='word_1_34' title='bbox 928 730 999 772; x_wconf 92' lang='lat' dir='ltr'>cum</span> <span class='ocrx_word' id='word_1_35' title='bbox 1014 707 1132 772; x_wconf 89' lang='lat' dir='ltr'>Bacchi</span> <span class='ocrx_word' id='word_1_36' title='bbox 1151 730 1267 772; x_wconf 89' lang='lat' dir='ltr'>nomen</span> <span class='ocrx_word' id='word_1_37' title='bbox 1290 730 1381 772; x_wconf 91' lang='lat' dir='ltr'>usur-</span> 
     </span>
     <span class='ocr_line' id='line_1_6' title="bbox 253 813 608 896; baseline 0.008 -20"><span class='ocrx_word' id='word_1_38' title='bbox 253 817 347 896; x_wconf 87' lang='lat' dir='ltr'>petur</span> <span class='ocrx_word' id='word_1_39' title='bbox 368 813 401 878; x_wconf 93' lang='lat' dir='ltr'>in</span> <span class='ocrx_word' id='word_1_40' title='bbox 425 815 608 880; x_wconf 80' lang='lat' dir='ltr'>execrando</span> 
     </span>
    </p>

    <p class='ocr_par' dir='ltr' id='par_1_3' title="bbox 247 919 1381 1328">
     <span class='ocr_line' id='line_1_7' title="bbox 343 919 1379 1004; baseline 0.001 -20"><span class='ocrx_word' id='word_1_41' title='bbox 343 919 553 1004; x_wconf 83' lang='lat' dir='ltr'>Subsequitur</span> <span class='ocrx_word' id='word_1_42' title='bbox 585 921 666 985; x_wconf 90' lang='lat' dir='ltr'>alter</span> <span class='ocrx_word' id='word_1_43' title='bbox 697 944 819 986; x_wconf 87' lang='lat' dir='ltr'>versus:</span> <span class='ocrx_word' id='word_1_44' title='bbox 859 925 1061 1004; x_wconf 81' lang='lat' dir='ltr'>expectamus</span> <span class='ocrx_word' id='word_1_45' title='bbox 1092 942 1220 985; x_wconf 87' lang='lat' dir='ltr'>eausam</span> <span class='ocrx_word' id='word_1_46' title='bbox 1253 927 1379 986; x_wconf 85' lang='lat' dir='ltr'>execra-</span> 
     </span>
     <span class='ocr_line' id='line_1_8' title="bbox 247 1025 1379 1112; baseline 0 -20"><span class='ocrx_word' id='word_1_47' title='bbox 247 1028 356 1101; x_wconf 85' lang='lat' dir='ltr'>tionis.</span> <span class='ocrx_word' id='word_1_48' title='bbox 403 1027 485 1105; x_wconf 84' lang='lat' dir='ltr'>Quid</span> <span class='ocrx_word' id='word_1_49' title='bbox 510 1050 582 1092; x_wconf 92' lang='lat' dir='ltr'>vero</span> <span class='ocrx_word' id='word_1_50' title='bbox 606 1029 771 1112; x_wconf 83' lang='lat' dir='ltr'>sequitur?</span> <span class='ocrx_word' id='word_1_51' title='bbox 799 1029 888 1092; x_wconf 92' lang='lat' dir='ltr'>iocus</span> <span class='ocrx_word' id='word_1_52' title='bbox 910 1025 1038 1112; x_wconf 72' lang='grc' dir='ltr'><strong><em>εὐτελής</em></strong></span> <span class='ocrx_word' id='word_1_53' title='bbox 1061 1028 1099 1092; x_wconf 90' lang='lat' dir='ltr'>de</span> <span class='ocrx_word' id='word_1_54' title='bbox 1122 1028 1226 1092; x_wconf 85' lang='lat' dir='ltr'>forme</span> <span class='ocrx_word' id='word_1_55' title='bbox 1249 1029 1379 1093; x_wconf 85' lang='lat' dir='ltr'>metrica</span> 
     </span>
     <span class='ocr_line' id='line_1_9' title="bbox 253 1119 1381 1218; baseline 0 -20"><span class='ocrx_word' id='word_1_56' title='bbox 253 1134 367 1218; x_wconf 91' lang='lat' dir='ltr'>prioris</span> <span class='ocrx_word' id='word_1_57' title='bbox 396 1157 510 1199; x_wconf 81' lang='lat' dir='ltr'>versus.</span> <span class='ocrx_word' id='word_1_58' title='bbox 560 1134 673 1218; x_wconf 90' lang='lat' dir='ltr'>Itaque</span> <span class='ocrx_word' id='word_1_59' title='bbox 700 1156 756 1198; x_wconf 91' lang='lat' dir='ltr'>suo</span> <span class='ocrx_word' id='word_1_60' title='bbox 784 1134 851 1198; x_wconf 89' lang='lat' dir='ltr'>iure</span> <span class='ocrx_word' id='word_1_61' title='bbox 881 1134 1100 1199; x_wconf 86' lang='lat' dir='ltr'>Rhinthouem</span> <span class='ocrx_word' id='word_1_62' title='bbox 1128 1133 1256 1212; x_wconf 76' lang='grc' dir='ltr'><strong><em>παίζειν</em></strong></span> <span class='ocrx_word' id='word_1_63' title='bbox 1283 1133 1316 1198; x_wconf 78' lang='grc' dir='ltr'>ἐν</span> <span class='ocrx_word' id='word_1_64' title='bbox 1344 1119 1381 1198; x_wconf 78' lang='lat' dir='ltr'>od</span> 
     </span>
     <span class='ocr_line' id='line_1_10' title="bbox 252 1242 1105 1328; baseline 0 -22"><span class='ocrx_word' id='word_1_65' title='bbox 252 1253 403 1318; x_wconf 82' lang='grc' dir='ltr'><strong><em>παικτοῑς</em></strong></span> <span class='ocrx_word' id='word_1_66' title='bbox 424 1242 612 1307; x_wconf 81' lang='lat' dir='ltr'>Eustathius</span> <span class='ocrx_word' id='word_1_67' title='bbox 634 1242 795 1326; x_wconf 86' lang='lat' dir='ltr'>professus</span> <span class='ocrx_word' id='word_1_68' title='bbox 818 1247 865 1305; x_wconf 87' lang='lat' dir='ltr'>est</span> <span class='ocrx_word' id='word_1_69' title='bbox 890 1243 945 1328; x_wconf 86' lang='lat' dir='ltr'>(cf.</span> <span class='ocrx_word' id='word_1_70' title='bbox 970 1243 1040 1307; x_wconf 76' lang='lat' dir='ltr'>artu.</span> <span class='ocrx_word' id='word_1_71' title='bbox 1062 1247 1105 1324; x_wconf 84' lang='lat'>3).</span> 
     </span>
    </p>

    <p class='ocr_par' dir='ltr' id='par_1_4' title="bbox 253 1347 1381 1540">
     <span class='ocr_line' id='line_1_11' title="bbox 343 1347 1378 1433; baseline 0.001 -20"><span class='ocrx_word' id='word_1_72' title='bbox 343 1349 394 1413; x_wconf 78' lang='lat' dir='ltr'>ad</span> <span class='ocrx_word' id='word_1_73' title='bbox 420 1349 557 1413; x_wconf 90' lang='lat' dir='ltr'>similem</span> <span class='ocrx_word' id='word_1_74' title='bbox 584 1349 704 1433; x_wconf 87' lang='lat' dir='ltr'>dialogi</span> <span class='ocrx_word' id='word_1_75' title='bbox 736 1349 892 1412; x_wconf 87' lang='lat' dir='ltr'>vilitatem</span> <span class='ocrx_word' id='word_1_76' title='bbox 908 1349 1081 1432; x_wconf 85' lang='lat' dir='ltr'>¹pertinere</span> <span class='ocrx_word' id='word_1_77' title='bbox 1114 1347 1238 1413; x_wconf 88' lang='lat' dir='ltr'>videtur</span> <span class='ocrx_word' id='word_1_78' title='bbox 1270 1372 1378 1414; x_wconf 86' lang='lat' dir='ltr'>versus</span> 
     </span>
     <span class='ocr_line' id='line_1_12' title="bbox 253 1453 1381 1540; baseline 0.002 -20"><span class='ocrx_word' id='word_1_79' title='bbox 253 1455 493 1522; x_wconf 83' lang='lat' dir='ltr'>ethinthonis</span> <span class='ocrx_word' id='word_1_80' title='bbox 507 1456 674 1540; x_wconf 85' lang='lat' dir='ltr'>Iphigenia</span> <span class='ocrx_word' id='word_1_81' title='bbox 684 1455 819 1520; x_wconf 87' lang='lat' dir='ltr'>Taurica</span> <span class='ocrx_word' id='word_1_82' title='bbox 834 1479 853 1519; x_wconf 86' lang='lat' dir='ltr'>a</span> <span class='ocrx_word' id='word_1_83' title='bbox 868 1455 998 1520; x_wconf 89' lang='lat' dir='ltr'>Polluce</span> <span class='ocrx_word' id='word_1_84' title='bbox 1015 1460 1046 1519; x_wconf 92' lang='lat' dir='ltr'>et</span> <span class='ocrx_word' id='word_1_85' title='bbox 1062 1453 1223 1539; x_wconf 85' lang='lat' dir='ltr'>Hesychio</span> <span class='ocrx_word' id='word_1_86' title='bbox 1239 1461 1381 1522; x_wconf 90' lang='lat' dir='ltr'>servatus</span> 
     </span>
    </p>
   </div>
   <div class='ocr_carea' id='block_1_3' title="bbox 481 1577 1151 1665">
    <p class='ocr_par' dir='ltr' id='par_1_5' title="bbox 481 1577 1151 1665">
     <span class='ocr_line' id='line_1_13' title="bbox 481 1577 1151 1665; baseline -0.001 -21"><span class='ocrx_word' id='word_1_87' title='bbox 481 1578 586 1660; x_wconf 68' lang='grc' dir='ltr'><strong><em>ἔχουσα</em></strong></span> <span class='ocrx_word' id='word_1_88' title='bbox 609 1577 719 1644; x_wconf 84' lang='grc' dir='ltr'><strong><em>καινὸν</em></strong></span> <span class='ocrx_word' id='word_1_89' title='bbox 742 1581 899 1665; x_wconf 82' lang='grc' dir='ltr'><strong><em>φαινόλαν</em></strong></span> <span class='ocrx_word' id='word_1_90' title='bbox 923 1577 1151 1665; x_wconf 47' lang='lat' dir='ltr'>adamandam)</span> 
     </span>
    </p>
   </div>
   <div class='ocr_carea' id='block_1_4' title="bbox 253 1704 1433 1804">
    <p class='ocr_par' dir='ltr' id='par_1_6' title="bbox 253 1704 1433 1804">
     <span class='ocr_line' id='line_1_14' title="bbox 253 1704 1433 1804; baseline 0.003 -35"><span class='ocrx_word' id='word_1_91' title='bbox 253 1727 317 1789; x_wconf 91' lang='lat' dir='ltr'>quo</span> <span class='ocrx_word' id='word_1_92' title='bbox 339 1706 454 1770; x_wconf 87' lang='lat' dir='ltr'>mulier</span> <span class='ocrx_word' id='word_1_93' title='bbox 482 1707 648 1790; x_wconf 88' lang='lat' dir='ltr'>quaedam,</span> <span class='ocrx_word' id='word_1_94' title='bbox 678 1705 849 1770; x_wconf 86' lang='lat' dir='ltr'>fortasse</span> <span class='ocrx_word' id='word_1_95' title='bbox 841 1729 909 1790; x_wconf 80' lang='lat' dir='ltr'>ipsa</span> <span class='ocrx_word' id='word_1_96' title='bbox 932 1704 1112 1790; x_wconf 83' lang='lat' dir='ltr'>Iphigenia,</span> <span class='ocrx_word' id='word_1_97' title='bbox 1141 1705 1240 1770; x_wconf 90' lang='lat' dir='ltr'>eludit</span> <span class='ocrx_word' id='word_1_98' title='bbox 1226 1711 1278 1770; x_wconf 84' lang='lat' dir='ltr'>tur</span> <span class='ocrx_word' id='word_1_99' title='bbox 1307 1708 1381 1790; x_wconf 89' lang='lat' dir='ltr'>quia</span> <span class='ocrx_word' id='word_1_100' title='bbox 1432 1799 1433 1804; x_wconf 7' lang='grc' dir='ltr'>η</span> 
     </span>
    </p>
   </div>
   <div class='ocr_carea' id='block_1_5' title="bbox 250 1811 1380 2893">
    <p class='ocr_par' dir='ltr' id='par_1_7' title="bbox 250 1811 1380 2893">
     <span class='ocr_line' id='line_1_15' title="bbox 253 1811 1380 1878; baseline 0.001 -2"><span class='ocrx_word' id='word_1_101' title='bbox 253 1835 368 1876; x_wconf 86' lang='lat' dir='ltr'>novam</span> <span class='ocrx_word' id='word_1_102' title='bbox 392 1835 446 1876; x_wconf 89' lang='lat' dir='ltr'>ves</span> <span class='ocrx_word' id='word_1_103' title='bbox 447 1818 511 1878; x_wconf 90' lang='lat' dir='ltr'>tem</span> <span class='ocrx_word' id='word_1_104' title='bbox 534 1813 644 1877; x_wconf 90' lang='lat' dir='ltr'>induit.</span> <span class='ocrx_word' id='word_1_105' title='bbox 691 1813 741 1878; x_wconf 83' lang='lat' dir='ltr'>Ex</span> <span class='ocrx_word' id='word_1_106' title='bbox 765 1812 912 1878; x_wconf 88' lang='lat' dir='ltr'>Herculis</span> <span class='ocrx_word' id='word_1_107' title='bbox 938 1812 1037 1877; x_wconf 79' lang='lat' dir='ltr'>Rhint</span> <span class='ocrx_word' id='word_1_108' title='bbox 1038 1812 1145 1876; x_wconf 88' lang='lat' dir='ltr'>honici</span> <span class='ocrx_word' id='word_1_109' title='bbox 1168 1811 1312 1878; x_wconf 88' lang='lat' dir='ltr'>versibus</span> <span class='ocrx_word' id='word_1_110' title='bbox 1340 1815 1380 1877; x_wconf 91' lang='lat' dir='ltr'>ab</span> 
     </span>
     <span class='ocr_line' id='line_1_16' title="bbox 253 1918 577 1985; baseline -0.003 -1"><span class='ocrx_word' id='word_1_111' title='bbox 253 1918 299 1984; x_wconf 91' lang='lat' dir='ltr'><strong>A</strong></span> <span class='ocrx_word' id='word_1_112' title='bbox 300 1919 420 1984; x_wconf 91' lang='lat' dir='ltr'>henaeo</span> <span class='ocrx_word' id='word_1_113' title='bbox 445 1920 577 1985; x_wconf 86' lang='lat' dir='ltr'>servatis</span> 
     </span>
     <span class='ocr_line' id='line_1_17' title="bbox 329 2041 1276 2130; baseline -0.003 -22"><span class='ocrx_word' id='word_1_114' title='bbox 329 2042 361 2108; x_wconf 76' lang='grc' dir='ltr'>ἐν</span> <span class='ocrx_word' id='word_1_115' title='bbox 383 2041 543 2128; x_wconf 67' lang='lat' dir='ltr'>deciduam</span> <span class='ocrx_word' id='word_1_116' title='bbox 566 2067 600 2107; x_wconf 79' lang='grc' dir='ltr'>τε</span> <span class='ocrx_word' id='word_1_117' title='bbox 623 2042 771 2130; x_wconf 76' lang='grc' dir='ltr'><strong><em>καθαρὸν</em></strong></span> <span class='ocrx_word' id='word_1_118' title='bbox 794 2041 1019 2130; x_wconf 67' lang='grc' dir='ltr'><strong><em>ἐλατῆρ’[ἒμὶν]</em></strong></span> <span class='ocrx_word' id='word_1_119' title='bbox 1046 2044 1102 2130; x_wconf 87' lang='lat' dir='ltr'>(cf.</span> <span class='ocrx_word' id='word_1_120' title='bbox 1122 2045 1170 2130; x_wconf 82' lang='lat' dir='ltr'>fr.</span> <span class='ocrx_word' id='word_1_121' title='bbox 1196 2043 1276 2125; x_wconf 85' lang='lat' dir='ltr'>coll.)</span> 
     </span>
     <span class='ocr_line' id='line_1_18' title="bbox 329 2147 1089 2238; baseline 0 -24"><span class='ocrx_word' id='word_1_122' title='bbox 329 2151 485 2236; x_wconf 75' lang='grc' dir='ltr'><strong><em>καθαρῶν</em></strong></span> <span class='ocrx_word' id='word_1_123' title='bbox 507 2149 535 2214; x_wconf 74' lang='grc' dir='ltr'>τ’</span> <span class='ocrx_word' id='word_1_124' title='bbox 560 2147 685 2237; x_wconf 78' lang='grc' dir='ltr'><em>ἀλήτων</em></span> <span class='ocrx_word' id='word_1_125' title='bbox 703 2148 870 2238; x_wconf 76' lang='grc' dir='ltr'><strong><em>κάλφίτων</em></strong></span> <span class='ocrx_word' id='word_1_126' title='bbox 893 2148 1089 2238; x_wconf 73' lang='grc' dir='ltr'><strong><em>ἀπερρόφεις</em></strong></span> 
     </span>
     <span class='ocr_line' id='line_1_19' title="bbox 253 2275 1379 2362; baseline -0.002 -22"><span class='ocrx_word' id='word_1_127' title='bbox 253 2276 314 2341; x_wconf 89' lang='lat' dir='ltr'>etsi</span> <span class='ocrx_word' id='word_1_128' title='bbox 329 2298 394 2340; x_wconf 91' lang='lat' dir='ltr'>non</span> <span class='ocrx_word' id='word_1_129' title='bbox 416 2277 533 2362; x_wconf 87' lang='lat' dir='ltr'>integri</span> <span class='ocrx_word' id='word_1_130' title='bbox 556 2277 628 2356; x_wconf 90' lang='lat' dir='ltr'>sint,</span> <span class='ocrx_word' id='word_1_131' title='bbox 650 2282 782 2361; x_wconf 91' lang='lat' dir='ltr'>propter</span> <span class='ocrx_word' id='word_1_132' title='bbox 804 2277 1010 2340; x_wconf 79' lang='lat' dir='ltr'>voracitatem</span> <span class='ocrx_word' id='word_1_133' title='bbox 1034 2276 1118 2340; x_wconf 89' lang='lat' dir='ltr'>eludi</span> <span class='ocrx_word' id='word_1_134' title='bbox 1142 2275 1289 2359; x_wconf 85' lang='lat' dir='ltr'>aliquem,</span> <span class='ocrx_word' id='word_1_135' title='bbox 1312 2275 1379 2338; x_wconf 91' lang='lat' dir='ltr'>sine</span> 
     </span>
     <span class='ocr_line' id='line_1_20' title="bbox 251 2383 1380 2468; baseline -0.004 -19"><span class='ocrx_word' id='word_1_136' title='bbox 251 2385 347 2449; x_wconf 93' lang='lat' dir='ltr'>dubio</span> <span class='ocrx_word' id='word_1_137' title='bbox 376 2385 561 2462; x_wconf 86' lang='lat' dir='ltr'>Herculem,</span> <span class='ocrx_word' id='word_1_138' title='bbox 589 2390 729 2468; x_wconf 85' lang='lat' dir='ltr'>apparet.</span> <span class='ocrx_word' id='word_1_139' title='bbox 776 2384 886 2448; x_wconf 77' lang='lat' dir='ltr'>Cetera</span> <span class='ocrx_word' id='word_1_140' title='bbox 914 2385 1093 2468; x_wconf 85' lang='lat' dir='ltr'>fragmenta</span> <span class='ocrx_word' id='word_1_141' title='bbox 1122 2383 1201 2447; x_wconf 92' lang='lat' dir='ltr'>nihil</span> <span class='ocrx_word' id='word_1_142' title='bbox 1230 2383 1269 2446; x_wconf 91' lang='lat' dir='ltr'>ad</span> <span class='ocrx_word' id='word_1_143' title='bbox 1297 2383 1380 2446; x_wconf 87' lang='lat' dir='ltr'>hanc</span> 
     </span>
     <span class='ocr_line' id='line_1_21' title="bbox 250 2488 1378 2576; baseline -0.001 -23"><span class='ocrx_word' id='word_1_144' title='bbox 250 2490 508 2576; x_wconf 73' lang='grc' dir='ltr'><strong><em>μεταῤῥύθμισιν</em></strong></span> <span class='ocrx_word' id='word_1_145' title='bbox 522 2490 744 2554; x_wconf 89' lang='lat' dir='ltr'>illustrandam</span> <span class='ocrx_word' id='word_1_146' title='bbox 768 2489 916 2565; x_wconf 79' lang='lat' dir='ltr'>afferunt3</span> <span class='ocrx_word' id='word_1_147' title='bbox 949 2490 1003 2552; x_wconf 90' lang='lat' dir='ltr'>sed</span> <span class='ocrx_word' id='word_1_148' title='bbox 1027 2488 1066 2552; x_wconf 85' lang='lat' dir='ltr'>ab</span> <span class='ocrx_word' id='word_1_149' title='bbox 1091 2511 1136 2567; x_wconf 90' lang='lat' dir='ltr'>ea,</span> <span class='ocrx_word' id='word_1_150' title='bbox 1160 2511 1256 2573; x_wconf 91' lang='lat' dir='ltr'>quam</span> <span class='ocrx_word' id='word_1_151' title='bbox 1279 2489 1378 2574; x_wconf 88' lang='lat' dir='ltr'>signi-</span> 
     </span>
     <span class='ocr_line' id='line_1_22' title="bbox 251 2595 1379 2678; baseline 0.002 -20"><span class='ocrx_word' id='word_1_152' title='bbox 251 2596 427 2673; x_wconf 86' lang='lat' dir='ltr'>ficavimus,</span> <span class='ocrx_word' id='word_1_153' title='bbox 459 2596 611 2660; x_wconf 87' lang='lat' dir='ltr'>sermonis</span> <span class='ocrx_word' id='word_1_154' title='bbox 639 2596 710 2660; x_wconf 84' lang='lat' dir='ltr'>vilit</span> <span class='ocrx_word' id='word_1_155' title='bbox 696 2601 761 2660; x_wconf 91' lang='lat' dir='ltr'>tate</span> <span class='ocrx_word' id='word_1_156' title='bbox 789 2617 854 2660; x_wconf 89' lang='lat' dir='ltr'>nou</span> <span class='ocrx_word' id='word_1_157' title='bbox 882 2595 987 2659; x_wconf 83' lang='lat' dir='ltr'>dirimi</span> <span class='ocrx_word' id='word_1_158' title='bbox 1019 2617 1112 2678; x_wconf 89' lang='lat' dir='ltr'>posse</span> <span class='ocrx_word' id='word_1_159' title='bbox 1144 2595 1223 2658; x_wconf 90' lang='lat' dir='ltr'>mihi</span> <span class='ocrx_word' id='word_1_160' title='bbox 1255 2596 1340 2660; x_wconf 89' lang='lat' dir='ltr'>videt</span> <span class='ocrx_word' id='word_1_161' title='bbox 1326 2600 1379 2660; x_wconf 88' lang='lat' dir='ltr'>tur</span> 
     </span>
     <span class='ocr_line' id='line_1_23' title="bbox 250 2702 1378 2787; baseline -0.002 -21"><span class='ocrx_word' id='word_1_162' title='bbox 250 2702 356 2767; x_wconf 83' lang='lat' dir='ltr'>vilitas</span> <span class='ocrx_word' id='word_1_163' title='bbox 379 2703 472 2766; x_wconf 90' lang='lat' dir='ltr'>metri</span> <span class='ocrx_word' id='word_1_164' title='bbox 474 2703 712 2787; x_wconf 83' lang='lat' dir='ltr'>Composuit</span> <span class='ocrx_word' id='word_1_165' title='bbox 698 2702 860 2767; x_wconf 83' lang='lat' dir='ltr'>tfabulas</span> <span class='ocrx_word' id='word_1_166' title='bbox 883 2724 955 2766; x_wconf 90' lang='lat' dir='ltr'>suas</span> <span class='ocrx_word' id='word_1_167' title='bbox 978 2702 1080 2766; x_wconf 84' lang='lat' dir='ltr'>Rhint</span> <span class='ocrx_word' id='word_1_168' title='bbox 1080 2702 1145 2766; x_wconf 92' lang='lat' dir='ltr'>hou</span> <span class='ocrx_word' id='word_1_169' title='bbox 1170 2706 1271 2766; x_wconf 91' lang='lat' dir='ltr'>metro</span> <span class='ocrx_word' id='word_1_170' title='bbox 1300 2702 1378 2766; x_wconf 89' lang='lat' dir='ltr'>iam-</span> 
     </span>
     <span class='ocr_line' id='line_1_24' title="bbox 251 2807 1377 2893; baseline 0.001 -22"><span class='ocrx_word' id='word_1_171' title='bbox 251 2807 383 2892; x_wconf 71' lang='lat' dir='ltr'>bico²⁹);</span> <span class='ocrx_word' id='word_1_172' title='bbox 415 2811 469 2874; x_wconf 91' lang='lat' dir='ltr'>sed</span> <span class='ocrx_word' id='word_1_173' title='bbox 485 2833 609 2874; x_wconf 87' lang='lat' dir='ltr'>summa</span> <span class='ocrx_word' id='word_1_174' title='bbox 623 2811 771 2876; x_wconf 87' lang='lat' dir='ltr'>libertate</span> <span class='ocrx_word' id='word_1_175' title='bbox 786 2833 862 2874; x_wconf 91' lang='lat' dir='ltr'>usus</span> <span class='ocrx_word' id='word_1_176' title='bbox 878 2814 927 2874; x_wconf 89' lang='lat' dir='ltr'>est</span> <span class='ocrx_word' id='word_1_177' title='bbox 941 2809 1215 2893; x_wconf 71' lang='lat' dir='ltr'>incomponendis</span> <span class='ocrx_word' id='word_1_178' title='bbox 1238 2810 1377 2872; x_wconf 87' lang='lat' dir='ltr'>senariis</span> 
     </span>
    </p>
   </div>
   <div class='ocr_carea' id='block_1_6' title="bbox 250 2913 1376 3104">
    <p class='ocr_par' dir='ltr' id='par_1_8' title="bbox 250 2913 1376 3104">
     <span class='ocr_line' id='line_1_25' title="bbox 250 2913 1376 2999; baseline 0.001 -22"><span class='ocrx_word' id='word_1_179' title='bbox 250 2913 323 2998; x_wconf 89' lang='lat' dir='ltr'>Ipse</span> <span class='ocrx_word' id='word_1_180' title='bbox 352 2916 556 2998; x_wconf 87' lang='lat' dir='ltr'>gravissimus</span> <span class='ocrx_word' id='word_1_181' title='bbox 585 2917 622 2979; x_wconf 91' lang='lat' dir='ltr'>de</span> <span class='ocrx_word' id='word_1_182' title='bbox 650 2939 683 2980; x_wconf 89' lang='lat' dir='ltr'>se</span> <span class='ocrx_word' id='word_1_183' title='bbox 710 2917 800 2981; x_wconf 91' lang='lat' dir='ltr'>testis</span> <span class='ocrx_word' id='word_1_184' title='bbox 834 2922 894 2993; x_wconf 88' lang='lat' dir='ltr'>est;</span> <span class='ocrx_word' id='word_1_185' title='bbox 931 2939 1005 2980; x_wconf 91' lang='lat' dir='ltr'>nam</span> <span class='ocrx_word' id='word_1_186' title='bbox 1038 2938 1110 2980; x_wconf 90' lang='lat' dir='ltr'>cum</span> <span class='ocrx_word' id='word_1_187' title='bbox 1142 2937 1267 2979; x_wconf 87' lang='lat' dir='ltr'>versum</span> <span class='ocrx_word' id='word_1_188' title='bbox 1297 2915 1376 2999; x_wconf 89' lang='lat' dir='ltr'>Hip-</span> 
     </span>
     <span class='ocr_line' id='line_1_26' title="bbox 251 3021 770 3104; baseline 0.006 -20"><span class='ocrx_word' id='word_1_189' title='bbox 251 3025 439 3104; x_wconf 89' lang='lat' dir='ltr'>ponacteum</span> <span class='ocrx_word' id='word_1_190' title='bbox 461 3023 481 3090; x_wconf 88' lang='lat' dir='ltr'>i.</span> <span class='ocrx_word' id='word_1_191' title='bbox 505 3045 529 3086; x_wconf 87' lang='lat' dir='ltr'>e.</span> <span class='ocrx_word' id='word_1_192' title='bbox 554 3021 770 3087; x_wconf 90' lang='lat' dir='ltr'>choliambum</span> 
     </span>
    </p>
   </div>
   <div class='ocr_carea' id='block_1_7' title="bbox 249 3142 1374 3615">
    <p class='ocr_par' dir='ltr' id='par_1_9' title="bbox 249 3142 1374 3615">
     <span class='ocr_line' id='line_1_27' title="bbox 506 3142 1122 3232; baseline -0.003 -22"><span class='ocrx_word' id='word_1_193' title='bbox 506 3143 550 3222; x_wconf 77' lang='grc' dir='ltr'>ὡς</span> <span class='ocrx_word' id='word_1_194' title='bbox 572 3147 605 3210; x_wconf 82' lang='grc' dir='ltr'>σὲ</span> <span class='ocrx_word' id='word_1_195' title='bbox 630 3147 781 3222; x_wconf 81' lang='grc' dir='ltr'><strong><em>Διόνυσος</em></strong></span> <span class='ocrx_word' id='word_1_196' title='bbox 805 3142 901 3222; x_wconf 79' lang='grc' dir='ltr'><strong><em>αὐτὸς</em></strong></span> <span class='ocrx_word' id='word_1_197' title='bbox 924 3143 1024 3231; x_wconf 77' lang='grc' dir='ltr'><em>ἐξώλη</em></span> <span class='ocrx_word' id='word_1_198' title='bbox 1047 3150 1122 3232; x_wconf 67' lang='grc' dir='ltr'>θείη</span> 
     </span>
     <span class='ocr_line' id='line_1_28' title="bbox 249 3271 972 3356; baseline 0 -22"><span class='ocrx_word' id='word_1_199' title='bbox 249 3272 449 3355; x_wconf 86' lang='lat' dir='ltr'>usurpaverit</span> <span class='ocrx_word' id='word_1_200' title='bbox 471 3273 504 3335; x_wconf 88' lang='lat' dir='ltr'>in</span> <span class='ocrx_word' id='word_1_201' title='bbox 529 3271 649 3336; x_wconf 89' lang='lat' dir='ltr'>Orestis</span> <span class='ocrx_word' id='word_1_202' title='bbox 672 3271 861 3356; x_wconf 77' lang='lat' dir='ltr'>fragmenta,</span> <span class='ocrx_word' id='word_1_203' title='bbox 885 3271 972 3335; x_wconf 85' lang='lat' dir='ltr'>addit</span> 
     </span>
     <span class='ocr_line' id='line_1_29' title="bbox 441 3391 1182 3480; baseline -0.005 -21"><span class='ocrx_word' id='word_1_204' title='bbox 441 3393 662 3471; x_wconf 77' lang='grc' dir='ltr'><strong><em>Ἱππώνακτος</em></strong></span> <span class='ocrx_word' id='word_1_205' title='bbox 685 3392 722 3459; x_wconf 79' lang='grc' dir='ltr'>τὸ</span> <span class='ocrx_word' id='word_1_206' title='bbox 745 3398 868 3480; x_wconf 79' lang='grc' dir='ltr'><strong><em>μέτρον,</em></strong></span> <span class='ocrx_word' id='word_1_207' title='bbox 894 3391 983 3458; x_wconf 77' lang='grc' dir='ltr'><strong><em>οὐδέν</em></strong></span> <span class='ocrx_word' id='word_1_208' title='bbox 1005 3416 1059 3474; x_wconf 80' lang='grc' dir='ltr'>μοι</span> <span class='ocrx_word' id='word_1_209' title='bbox 1085 3393 1182 3473; x_wconf 77' lang='grc' dir='ltr'><strong><em>μέλα.</em></strong></span> 
     </span>
     <span class='ocr_line' id='line_1_30' title="bbox 339 3537 1374 3615; baseline -0.001 -13"><span class='ocrx_word' id='word_1_210' title='bbox 339 3537 429 3602; x_wconf 89' lang='lat' dir='ltr'>Nihil</span> <span class='ocrx_word' id='word_1_211' title='bbox 445 3561 501 3602; x_wconf 91' lang='lat' dir='ltr'>sua</span> <span class='ocrx_word' id='word_1_212' title='bbox 516 3539 666 3602; x_wconf 88' lang='lat' dir='ltr'>interesse</span> <span class='ocrx_word' id='word_1_213' title='bbox 683 3539 859 3615; x_wconf 90' lang='lat' dir='ltr'>confitetur,</span> <span class='ocrx_word' id='word_1_214' title='bbox 882 3541 990 3601; x_wconf 91' lang='lat' dir='ltr'>utrum</span> <span class='ocrx_word' id='word_1_215' title='bbox 1009 3558 1157 3599; x_wconf 87' lang='lat' dir='ltr'>numerus</span> <span class='ocrx_word' id='word_1_216' title='bbox 1182 3559 1289 3600; x_wconf 88' lang='lat' dir='ltr'>versus</span> <span class='ocrx_word' id='word_1_217' title='bbox 1313 3542 1374 3601; x_wconf 90' lang='lat' dir='ltr'>stet</span> 
     </span>
    </p>
   </div>
   <div class='ocr_carea' id='block_1_8' title="bbox 249 3642 1374 3728">
    <p class='ocr_par' dir='ltr' id='par_1_10' title="bbox 249 3642 1374 3728">
     <span class='ocr_line' id='line_1_31' title="bbox 249 3642 1374 3728; baseline -0.001 -22"><span class='ocrx_word' id='word_1_218' title='bbox 249 3666 359 3718; x_wconf 88' lang='lat' dir='ltr'>necne;</span> <span class='ocrx_word' id='word_1_219' title='bbox 392 3649 486 3727; x_wconf 88' lang='lat' dir='ltr'>atque</span> <span class='ocrx_word' id='word_1_220' title='bbox 509 3645 542 3709; x_wconf 91' lang='lat' dir='ltr'>in</span> <span class='ocrx_word' id='word_1_221' title='bbox 565 3646 633 3728; x_wconf 93' lang='lat' dir='ltr'>ipso</span> <span class='ocrx_word' id='word_1_222' title='bbox 657 3645 717 3708; x_wconf 91' lang='lat' dir='ltr'>hoc</span> <span class='ocrx_word' id='word_1_223' title='bbox 740 3667 832 3708; x_wconf 81' lang='lat' dir='ltr'>versu</span> <span class='ocrx_word' id='word_1_224' title='bbox 854 3644 942 3728; x_wconf 88' lang='lat' dir='ltr'>leges</span> <span class='ocrx_word' id='word_1_225' title='bbox 965 3642 1113 3706; x_wconf 88' lang='lat' dir='ltr'>metricas</span> <span class='ocrx_word' id='word_1_226' title='bbox 1136 3642 1249 3722; x_wconf 85' lang='lat' dir='ltr'>violat,</span> <span class='ocrx_word' id='word_1_227' title='bbox 1277 3667 1374 3727; x_wconf 90' lang='lat' dir='ltr'>quum</span> 
     </span>
    </p>
   </div>
   <div class='ocr_carea' id='block_1_9' title="bbox 248 3749 1374 3921">
    <p class='ocr_par' dir='ltr' id='par_1_11' title="bbox 248 3749 1374 3921">
     <span class='ocr_line' id='line_1_32' title="bbox 248 3749 1374 3834; baseline -0.002 -20"><span class='ocrx_word' id='word_1_228' title='bbox 248 3751 283 3814; x_wconf 90' lang='lat' dir='ltr'>in</span> <span class='ocrx_word' id='word_1_229' title='bbox 305 3751 379 3814; x_wconf 90' lang='lat' dir='ltr'>sede</span> <span class='ocrx_word' id='word_1_230' title='bbox 401 3751 471 3834; x_wconf 89' lang='lat' dir='ltr'>pari</span> <span class='ocrx_word' id='word_1_231' title='bbox 493 3752 527 3814; x_wconf 91' lang='lat' dir='ltr'>in</span> <span class='ocrx_word' id='word_1_232' title='bbox 554 3752 708 3816; x_wconf 88' lang='lat' dir='ltr'>vocabulo</span> <span class='ocrx_word' id='word_1_233' title='bbox 732 3749 954 3826; x_wconf 79' lang='grc' dir='ltr'><strong><em>Ἱππώνακτος</em></strong></span> <span class='ocrx_word' id='word_1_234' title='bbox 982 3751 1155 3834; x_wconf 90' lang='lat' dir='ltr'>spondeum</span> <span class='ocrx_word' id='word_1_235' title='bbox 1184 3772 1241 3834; x_wconf 90' lang='lat' dir='ltr'>pro</span> <span class='ocrx_word' id='word_1_236' title='bbox 1269 3751 1374 3813; x_wconf 90' lang='lat' dir='ltr'>iambo</span> 
     </span>
     <span class='ocr_line' id='line_1_33' title="bbox 250 3858 405 3921; baseline -0.026 0"><span class='ocrx_word' id='word_1_237' title='bbox 250 3858 405 3921; x_wconf 89' lang='lat' dir='ltr'>admittat.</span> 
     </span>
    </p>
   </div>
   <div class='ocr_carea' id='block_1_10' title="bbox 248 4068 1373 4322">
    <p class='ocr_par' dir='ltr' id='par_1_12' title="bbox 248 4068 1373 4322">
     <span class='ocr_line' id='line_1_34' title="bbox 321 4068 1259 4140; baseline -0.003 -17"><span class='ocrx_word' id='word_1_238' title='bbox 321 4070 353 4139; x_wconf 73' lang='lat'>²⁸)</span> <span class='ocrx_word' id='word_1_239' title='bbox 372 4071 405 4123; x_wconf 87' lang='lat' dir='ltr'>cf.</span> <span class='ocrx_word' id='word_1_240' title='bbox 426 4069 638 4124; x_wconf 85' lang='lat' dir='ltr'>adnotationem</span> <span class='ocrx_word' id='word_1_241' title='bbox 657 4069 784 4123; x_wconf 80' lang='lat' dir='ltr'>criticam</span> <span class='ocrx_word' id='word_1_242' title='bbox 802 4070 832 4121; x_wconf 89' lang='lat' dir='ltr'>in</span> <span class='ocrx_word' id='word_1_243' title='bbox 850 4070 1070 4140; x_wconf 84' lang='lat' dir='ltr'>fragmentorum</span> <span class='ocrx_word' id='word_1_244' title='bbox 1088 4068 1259 4123; x_wconf 89' lang='lat' dir='ltr'>collectione.</span> 
     </span>
     <span class='ocr_line' id='line_1_35' title="bbox 320 4151 1373 4229; baseline 0 -17"><span class='ocrx_word' id='word_1_245' title='bbox 320 4159 352 4228; x_wconf 61' lang='grc'>29)</span> <span class='ocrx_word' id='word_1_246' title='bbox 370 4160 500 4228; x_wconf 90' lang='lat' dir='ltr'>Ineptum</span> <span class='ocrx_word' id='word_1_247' title='bbox 511 4157 625 4213; x_wconf 85' lang='lat' dir='ltr'>Ioannis</span> <span class='ocrx_word' id='word_1_248' title='bbox 643 4157 713 4228; x_wconf 85' lang='lat' dir='ltr'>Lydi</span> <span class='ocrx_word' id='word_1_249' title='bbox 731 4157 923 4212; x_wconf 90' lang='lat' dir='ltr'>testimonium</span> <span class='ocrx_word' id='word_1_250' title='bbox 940 4159 985 4229; x_wconf 77' lang='lat' dir='ltr'>(de</span> <span class='ocrx_word' id='word_1_251' title='bbox 1005 4175 1097 4227; x_wconf 86' lang='lat' dir='ltr'>magg.</span> <span class='ocrx_word' id='word_1_252' title='bbox 1111 4159 1131 4227; x_wconf 90' lang='lat'>1,</span> <span class='ocrx_word' id='word_1_253' title='bbox 1151 4159 1210 4227; x_wconf 79' lang='lat'><strong>40):</strong></span> <span class='ocrx_word' id='word_1_254' title='bbox 1239 4151 1373 4212; x_wconf 73' lang='grc' dir='ltr'><strong><em>Ῥινθωνα</em></strong></span> 
     </span>
     <span class='ocr_line' id='line_1_36' title="bbox 248 4241 1354 4322; baseline -0.001 -20"><span class='ocrx_word' id='word_1_255' title='bbox 248 4241 279 4311; x_wconf 77' lang='grc' dir='ltr'>ὃς</span> <span class='ocrx_word' id='word_1_256' title='bbox 298 4244 458 4319; x_wconf 70' lang='grc' dir='ltr'><strong><em>ἑξαμέτροις</em></strong></span> <span class='ocrx_word' id='word_1_257' title='bbox 477 4241 583 4319; x_wconf 67' lang='grc' dir='ltr'><strong><em>ἔγραψε</em></strong></span> <span class='ocrx_word' id='word_1_258' title='bbox 601 4252 711 4318; x_wconf 82' lang='grc' dir='ltr'><strong><em>πρῶτος</em></strong></span> <span class='ocrx_word' id='word_1_259' title='bbox 730 4249 886 4322; x_wconf 80' lang='grc' dir='ltr'><strong><em>κωμῳδίαν.</em></strong></span> <span class='ocrx_word' id='word_1_260' title='bbox 1353 4269 1354 4272; x_wconf 65' lang='grc'>’</span> 
     </span>
    </p>
   </div>
   <div class='ocr_carea' id='block_1_11' title="bbox 0 0 1634 4794">
    <p class='ocr_par' dir='ltr' id='par_1_13' title="bbox 0 0 1634 4794">
     <span class='ocr_line' id='line_1_37' title="bbox 0 0 1634 4794; baseline 0 1"><span class='ocrx_word' id='word_1_261' title='bbox 0 0 1634 4794; x_wconf 95' lang='lat' dir='ltr'> </span> 
     </span>
    </p>
   </div>
  </div>
 </body>
</html>
