3258 4794
721 242 920 297 „2-

348 413 579 496 Syracusanum
595 414 678 476 enim
695 435 766 478 eum
790 413 867 476 dicit
881 413 913 477 N
915 415 1001 478 ossis.
1049 413 1144 478 Cuius
1168 413 1384 478 testimonium

258 540 355 602 grave
380 523 412 582 et
434 518 518 582 haud
542 520 751 602 spernendum
776 522 835 595 est;
870 505 1011 602 aequalis
1035 520 1119 584 enim
1142 520 1266 584 videtur
1287 520 1384 584 fuisse

257 625 459 703 Rhinthonis‚
475 627 502 689 si
517 626 644 709 quidem
659 648 693 690 re
709 648 783 691 vera
799 627 880 690 circa
896 627 937 692 ol.
948 625 1050 691 CXIV
1060 628 1137 712 (324
1154 650 1181 693 a.
1198 627 1266 712 Ch.)
1281 627 1384 713 viguit

257 732 377 798 Nossis.
412 732 629 797 Rhinthonem
639 737 745 797 autem
754 732 930 797 Ptolemaei
941 733 1036 816 primi
1050 735 1245 816 temporibus
1261 736 1384 818 (323-

260 847 322 904 285
348 862 373 904 a.
398 839 466 923 (lh.)
496 840 633 923 viguisse
658 839 771 904 Suidas
799 835 935 905 testatur
965 864 988 906 s.
1011 863 1039 905 v.
1085 837 1230 904 Ῥίνθων·
1267 848 1384 924 Ταραν-

258 957 342 1021 τῖνος
357 943 506 1027 κωμικὸς,
532 943 670 1032 ἀρχηγὸς
690 945 746 1030 τῆς
768 947 962 1032 καλουμένης
984 946 1254 1033 ίλαροτραμμὸίας
1278 943 1295 1010 ὅ
1318 945 1383 1010 ἐστι

259 1052 516 1137 φλυακογραφία,
534 1050 600 1128 υίὸς
615 1051 649 1116 δὲ
664 1043 700 1138 ἦν
715 1057 885 1138 κεραμέως,
902 1055 956 1117 καὶ
971 1057 1094 1137 γέγονεν
1109 1051 1165 1117 ἐπὶ
1180 1055 1237 1116 τοῦ
1253 1053 1384 1139 πρώτου

260 1160 459 1240 Πτολεμαίου
480 1158 641 1244 (δράματα
657 1158 699 1224 δὲ
722 1157 823 1224 αὐτοῦ
845 1158 971 1242 κωμικοὶ
995 1158 1130 1244 τραγικὰ
1149 1161 1226 1246 λη’).
1273 1159 1385 1244 Itaque

258 1290 322 1331 non
337 1289 502 1350 possumus
521 1289 586 1331 non
606 1267 790 1332 confirmare
815 1289 886 1332 cum
909 1267 1074 1333 horentaio
1098 1268 1148 1352 (de
1171 1268 1265 1332 rebus
1288 1269 1384 1332 saona
1408 1270 1412 1278 ’

259 1379 290 1439 et
306 1374 427 1438 artibus
442 1378 585 1438 veterum
601 1373 845 1439 Tarentinorum
860 1398 889 1457 p.
907 1377 963 1461 26)
980 1376 1068 1440 cuius
1084 1373 1273 1439 sententiam
1289 1375 1383 1438 etiam

258 1481 411 1545 Elrnestus
428 1479 716 1545 Sommerbrodtius
733 1479 794 1566 (De
816 1481 1084 1565 phlyacographis
1101 1481 1229 1548 Graecis
1253 1480 1325 1547 diss.
1341 1480 1382 1544 in.

259 1586 505 1671 Vratisl.1875)
525 1587 736 1670 amplectitur,
760 1586 923 1670 Syracusis
947 1609 1018 1650 eum
1041 1592 1150 1652 natum
1175 1609 1250 1666 esse,
1274 1592 1383 1671 postea

214 1723 218 1729 ·
264 1693 454 1772 „Tarentum
471 1693 593 1772 abiisse,
613 1694 670 1758 ubi
685 1716 742 1777 per
757 1694 855 1758 vitam
872 1717 961 1758 suam
976 1694 1103 1758 fabulas
1120 1699 1152 1759 et
1172 1695 1385 1779 composuerit

260 1806 292 1866 et
314 1801 471 1878 docuerit,
494 1801 540 1865 ita
563 1805 598 1864 ut
621 1800 786 1865 Tarentini
809 1802 916 1884 potius
939 1822 1054 1865 nomen
1078 1823 1174 1884 quam
1197 1801 1386 1885 Syracusani

260 1909 289 1972 ei
311 1908 534 1972 vindicandum
558 1929 624 1972 esse
648 1912 793 1972 auctores
817 1908 1090 1992 existimaverint.“
1143 1907 1233 1984 Quod
1257 1931 1293 1973 eo
1319 1908 1386 1971 veri

259 2013 392 2078 similius
417 2019 477 2090 est,
505 2015 580 2097 quia
604 2014 739 2078 dialecto
763 2013 935 2078 Tarentina
957 2011 1082 2078 fabulas
1108 2014 1284 2078 condidisse
1313 2036 1384 2078 eum

260 2126 292 2186 et
318 2121 505 2204 scriptorum
534 2121 722 2185 testimoniis
751 2126 783 2185 et
812 2120 888 2204 ipsis
915 2121 1059 2204 reliquiis
1088 2125 1223 2198 constat3
1256 2144 1319 2204 qua
1346 2122 1385 2185 de

258 2250 293 2292 re
320 2232 430 2310 postea
457 2228 549 2311 plura
577 2228 675 2292 verba
704 2227 826 2291 faciam.
877 2227 975 2292 Favet
1006 2233 1170 2313 praeterea
1202 2229 1386 2306 sententiae,

260 2358 354 2419 quam
380 2336 418 2400 de
445 2335 549 2418 patria
572 2325 912 2417 Rhinthonis'protuli
935 2335 1136 2399 Lorentzium
1165 2339 1303 2412 secutus,
1329 2333 1386 2397 illa

260 2443 367 2527 glossa
384 2441 498 2520 Sicula,
522 2464 617 2525 quam
638 2437 869 2506 Suidas'affert
890 2465 909 2505 a
932 2442 1115 2506 Rhinthone
1138 2441 1285 2506 usitatam
1309 2464 1332 2505 s.
1357 2463 1384 2504 v.

260 2547 420 2634 α’γλευκέζ·
463 2547 501 2614 τὸ
529 2545 635 2634 ἀηδές,
668 2547 756 2613 δοκεῖ
786 2548 820 2613 δὲ
853 2548 975 2629 ξενικὸν
1006 2548 1043 2613 τὸ
1079 2546 1180 2630 ὄνομα
1213 2547 1383 2613 Σικελικόν.

259 2654 345 2720 πολὺ
361 2655 437 2740 γοῦν
453 2654 518 2720 ἐστι
534 2656 622 2720 πάνυ
638 2653 729 2740 παρὰ
746 2652 899 2719 Ῥίνθωυι.
946 2641 1031 2720 Nam
1047 2656 1123 2739 quid
1138 2655 1263 2720 facilius
1278 2654 1386 2738 potuit

258 2765 337 2840 fieri,
359 2787 455 2847 quam
478 2768 513 2828 ut
536 2765 576 2840 is,
605 2764 660 2846 qui
684 2763 855 2848 Syracusis
871 2767 965 2828 natus
992 2767 1104 2845 postea
1126 2762 1299 2826 Tarentum
1326 2761 1384 2824 mi·

260 2871 374 2954 gravit,
397 2871 546 2954 reliquias
571 2871 723 2954 quasdam
747 2870 873 2934 dialecti
895 2869 1017 2954 patriae
1038 2870 1209 2933 retineret?

349 2977 445 3041 Pater
473 2961 668 3041 Rhinthonis
697 2980 765 3040 erat
792 2976 923 3060 figulus,
951 2979 987 3039 ut
1014 2975 1127 3040 Suidas
1155 2998 1178 3039 s.
1202 2998 1230 3038 v.
1253 2970 1386 3037 Ῥίνθων

261 3084 352 3148 affert
377 3085 431 3170 (es.
452 3108 486 3168 p.
511 3087 589 3164 18.);
623 3085 660 3147 de
684 3084 750 3148 vita
777 3088 889 3166 poetae
917 3083 998 3147 nihil
1026 3086 1189 3166 praeterea
1216 3081 1385 3144 memoriae

258 3191 420 3274 proditum
444 3196 499 3255 est.

350 3291 603 3362 Adeamuseam
627 3299 856 3381 quaestionem,
884 3320 980 3382 quam
1004 3297 1130 3381 quidem
1152 3296 1302 3373 movisse,
1330 3294 1385 3359 sed

259 3427 324 3469 non
350 3404 521 3468 absolvisse
549 3403 628 3468 mihi
656 3404 779 3468 videtur
804 3403 1092 3468 Sommerbrodtius
1120 3402 1154 3465 in
1182 3402 1254 3466 diss.
1278 3401 1383 3485 inaug.

257 3535 287 3594 p.
305 3519 356 3576 46.
403 3510 590 3576 Laurentius
606 3510 711 3594 Lydus
730 3511 769 3574 de
793 3511 933 3594 magistr.
949 3510 973 3588 Ι,
999 3515 1038 3574 41
1065 3509 1279 3573 Rhinthonem
1302 3509 1385 3572 inter

258 3619 477 3702 Pythagoreos
492 3622 638 3681 numerat
657 3638 755 3700 quum
779 3617 876 3680 dicat:
908 3612 1061 3678 Ῥίνθωνα
1084 3616 1136 3678 καί
1162 3611 1309 3700 Ἇοκήραν
1331 3616 1385 3678 καὶ

259 3725 374 3788 Iliacos
398 3725 450 3787 καί
474 3722 548 3798 τοὺς
572 3719 688 3798 ἄλλους
710 3723 774 3786 των
798 3726 1027 3807 Πυθαγορείων
1049 3723 1115 3784 κτλ.

348 3831 428 3895 Mihi
445 3854 489 3909 ea,
513 3853 593 3914 quae
609 3830 700 3895 haur.
717 3829 822 3914 Lydus
838 3830 936 3894 tradit
952 3851 988 3892 ex
1013 3829 1122 3892 eodem
1145 3829 1233 3893 fonte
1256 3828 1384 3892 fluxisse

259 3939 413 4017 uidentur,
438 3961 476 4001 ex
497 3959 560 4020 quo
584 3937 746 4001 fluxerunt
770 3959 806 4000 ea
829 3958 911 4019 quae
927 3935 1106 4018 Stephanus
1123 3935 1293 4019 Byzantius
1316 3957 1339 3998 s.
1356 3957 1383 4000 v.

263 4045 365 4128 Τάρας
387 4045 496 4109 tradit:
530 4040 704 4128 ὁπολίτος
732 4051 928 4128 Ταραντῖνος.
969 4043 1022 4105 καὶ
1051 4039 1273 4126 ἀνεγράφησαν
1301 4038 1384 4104 οὕτω

258 4152 374 4215 πολλοὶ
403 4148 646 4237 χρηματίζοντες
674 4149 815 4231 μάλιστα
845 4148 1064 4233 Πυθαγόρειοι
1097 4149 1151 4212 καὶ
1178 4145 1384 4232 Ἀριστόξενος

257 4258 408 4340 μουσικὸς
423 4257 651 4344 Ἀριστοτέλους
672 4258 829 4343 γνώριμοςΙ
849 4259 903 4320 καὶ
926 4254 1058 4320 Ῥίνθων
1077 4263 1274 4341 Ταραντῖνος.
1314 4255 1384 4318 Ηοο
