3258 4794
713 245 971 340 --11-Ι

260 463 367 541 portat
386 462 423 520 ut
438 458 490 521 fur
505 457 537 520 in
561 457 731 520 fenestram
755 478 950 532 ascensurus,
974 455 1116 539 quamvis
1139 454 1282 519 minister
1306 455 1387 519 adsit

261 564 435 628 Mercurius
459 565 621 628 lucernam
645 567 770 627 tantum
794 567 933 646 portans.

349 671 436 735 Num
464 671 540 754 qnid
567 673 673 754 potest
700 692 767 734 esse
794 669 897 754 magis
925 670 1112 734 ridiculum?
1150 691 1253 733 nonne
1281 670 1387 734 omnia

261 779 299 842 ad
324 777 519 842 comoediam
542 776 789 841 Rhinthonicam
813 778 891 841 bene
915 776 1092 861 quadrant?

349 884 417 949 Iam
438 886 476 948 ad
499 885 634 949 alterum
657 906 712 948 vae
735 884 856 968 pictum
880 889 1085 961 transeamus,
1108 884 1278 967 septimum
1302 883 1386 966 apud

260 992 472 1076 Wieselerum
494 992 623 1056 tabulae
646 1013 758 1076 nonae,
782 991 819 1055 de
844 1013 906 1074 quo
930 1015 958 1074 p.
986 999 1026 1054 55
1051 991 1147 1055 verba
1170 991 1255 1054 facit.

350 1098 498 1164 Panofka
521 1102 741 1184 argumentum
770 1097 864 1162 huius
892 1099 1033 1182 picturae
1062 1099 1101 1161 ad
1123 1097 1306 1181 Antigonae
1329 1097 1387 1161 So-

172 1277 175 1282 ,
260 1206 411 1289 pbooleae
427 1228 582 1284 scaenam,
603 1229 683 1290 quae
699 1210 747 1270 est
762 1207 834 1269 inde
851 1227 978 1270 aversu
997 1211 1069 1284 394,
1093 1205 1251 1288 pertinere
1267 1209 1385 1281 censet3
1443 1215 1446 1222 ’

261 1312 356 1377 etiam
378 1313 565 1376 Welokerus
589 1313 671 1376 hanc
694 1313 882 1376 sententiam
907 1313 1071 1395 amplexus
1095 1317 1142 1375 est
1165 1313 1197 1374 in
1220 1311 1302 1375 libro
1332 1313 1386 1395 qui

258 1420 441 1484 inscribitur
463 1415 555 1484 ‘Alte
578 1417 785 1482 Denkmaler’
811 1420 883 1502 [vol.
907 1417 969 1497 III,
997 1441 1027 1501 p.
1053 1419 1138 1504 504).
1184 1417 1335 1503 Cogitant
1357 1441 1385 1485 v.

259 1551 287 1590 v.
303 1528 331 1591 d.
349 1527 376 1590 d.
393 1527 431 1590 de
450 1548 487 1588 ea
510 1547 631 1601 scaena,
655 1547 717 1608 qna
741 1530 845 1590 custos
870 1529 994 1609 captam
1011 1525 1206 1608 Antigonam
1230 1524 1385 1608 virginem

260 1633 389 1697 Creonti
412 1633 518 1709 tradit,
542 1632 591 1695 bis
614 1632 717 1696 verbis
740 1653 846 1716 regem
871 1632 1037 1715 alloquens

349 1799 377 1840 v.
403 1783 465 1839 394
491 1773 555 1860 ἥκω
582 1825 722 1839 .....

489 1883 583 1968 κόρην
605 1879 691 1965 ἄγων
715 1881 824 1967 rrjvd'ij
848 1887 1034 1969 rudeupe'dp
1058 1883 1163 1968 τάφον

441 2072 444 2077 Υ
488 1991 649 2070 κόσμουσα

327 2157 356 2200 v.
381 2140 445 2198 430
469 2132 503 2196 ἔκ
526 2132 745 2219 r'edrporrjror
769 2135 905 2214 χαλκέας
929 2131 1026 2220 ἄρδην
1049 2136 1174 2220 πρόχου

470 2253 572 2321 χοαῖσι
597 2240 891 2327 τρισπόνδοισιφὸν
914 2247 1002 2306 νέκυν
1024 2246 1140 2328 στέφει.

348 2384 456 2468 Atque
479 2389 562 2448 recte
587 2387 625 2448 de
648 2386 708 2448 hac
732 2387 854 2467 pictura
876 2386 1030 2450 iudicasse
1054 2385 1130 2448 mibi
1154 2386 1300 2449 videntur
1325 2385 1384 2448 viri

260 2491 358 2567 docti,
385 2513 487 2575 neque
516 2491 598 2554 enim
627 2492 713 2563 aliud
742 2497 962 2576 argumentum
991 2492 1165 2575 excogitari
1192 2496 1311 2574 potest,
1345 2491 1383 2554 ad

260 2599 344 2680 qnod
368 2619 475 2661 omnes
499 2597 640 2680 picturae
662 2602 768 2680 partes
792 2597 987 2662 conveniant.

349 2703 515 2769 Creontem
539 2725 645 2788 regem
669 2705 828 2788 depictum
852 2727 918 2768 esse
941 2709 1064 2788 sceptro
1089 2705 1274 2782 declaratur,
1300 2706 1384 2788 quod

258 2835 354 2876 manu
378 2812 489 2876 dextra
512 2816 630 2896 gestat,
660 2812 807 2895 quodque
831 2813 870 2875 ad
895 2817 1081 2896 apparatum
1105 2812 1261 2896 tragicum
1285 2813 1382 2894 perti-

258 2942 332 2982 nere
356 2919 435 2982 Poll.
462 2926 495 2996 4,
526 2925 585 2982 117
612 2924 732 2995 monet,
761 2924 791 2983 et
814 2920 895 2982 tiara
919 2942 1013 3002 quarn
1036 2919 1069 2982 in
1092 2919 1175 2983 vasis
1198 2921 1291 3002 pictis
1319 2941 1384 2983 non

258 3047 370 3109 regum
394 3026 594 3090 orientalium
617 3027 781 3109 proprium
805 3031 1023 3090 ornamentum
1046 3028 1100 3090 sed
1123 3027 1269 3090 omnibus
1297 3049 1382 3090 scae-

258 3155 317 3198 nae
335 3133 473 3218 tragicae
489 3134 616 3216 regibus
633 3133 762 3198 attribui
778 3156 845 3198 esse
865 3134 994 3197 solitum
1011 3134 1204 3198 Wieselerus
1228 3133 1382 3218 (Satyrsp.

258 3263 288 3322 p.
315 3245 374 3304 111
402 3238 494 3302 Anm.
528 3241 613 3305 Gerr.
638 3239 768 3304 Studien
795 3245 893 3318 1847,
921 3240 961 3305 Π.
985 3241 1060 3307 Abt.
1083 3265 1113 3324 p.
1139 3243 1215 3326 676)
1245 3242 1381 3325 exponit.

257 3346 369 3410 Limbo
397 3347 464 3410 lato
493 3351 524 3410 et
552 3348 758 3424 denticulato,
790 3369 854 3431 quo
883 3348 978 3412 vestis
1011 3353 1042 3412 61
1074 3349 1167 3412 huius
1200 3349 1319 3432 figurae
1352 3354 1384 3413 et

258 3454 333 3532 eiua,
356 3453 485 3538 quaein
505 3455 608 3518 medio
631 3455 735 3537 posita
755 3460 815 3533 est,
839 3455 1031 3520 circumdata
1054 3462 1110 3533 est,
1133 3478 1231 3539 quum
1254 3457 1383 3520 alterius

257 3583 410 3644 personae
433 3563 529 3625 vestis
554 3584 591 3626 eo
610 3567 733 3638 careat,
761 3563 917 3628 indicatur
941 3568 1028 3627 ortus
1052 3585 1160 3626 eorum
1189 3563 1304 3626 nobilis
1332 3563 1383 3627 vel

258 3669 372 3752 regius.
418 3669 562 3732 Eundem
590 3669 655 3733 fere
683 3669 817 3733 limbum
850 3671 883 3734 in
913 3671 1012 3733 altera
1045 3692 1170 3746 scaena,
1203 3693 1283 3753 quae
1316 3670 1382 3734 sinc

258 3775 353 3838 dubio
378 3775 500 3858 tragica
528 3785 588 3852 est,
616 3777 650 3839 in
678 3778 788 3840 eodem
811 3777 943 3842 Creonte
972 3782 1067 3859 atque
1095 3777 1128 3840 in
1156 3799 1207 3853 eo,
1236 3777 1292 3860 qui
1319 3799 1383 3840 una

257 3904 327 3946 curn
357 3904 393 3945 6ο
422 3888 688 3966 repraesentatur,
721 3883 881 3967 Oedipode
914 3885 1191 3948 animadvertimus
1220 3885 1383 3970 (Welcker

259 3989 332 4053 Alte
348 3990 541 4054 Denkmdler
559 3990 607 4055 ΙΙΙ
629 3992 693 4055 tab.
711 3998 762 4068 23,
787 3993 829 4076 2),
852 3992 934 4054 unde
958 3992 1139 4055 coniectura
1162 3992 1258 4054 etiam
1281 3992 1382 4074 magis

258 4097 469 4161 confirmatur.
519 4098 689 4163 Praeterea
717 4121 753 4162 ea
780 4099 896 4181 figura,
925 4122 1019 4182 quam
1049 4098 1228 4183 Antigonae
1256 4101 1382 4163 nomine

257 4202 485 4285 significamua,
513 4227 609 4268 manu
633 4206 743 4268 dextra
766 4195 931 4289 personam
957 4210 1062 4288 portat
1088 4212 1194 4288 aperte
1224 4202 1307 4288 ὄγκῳ
1334 4207 1381 4269 in-

257 4313 419 4373 structam.
