3258 4794
737 277 937 334 „7-

250 454 252 458 ’
361 448 399 513 In
430 472 549 516 scaena.
576 451 726 534 agebant;
766 471 842 514 nam
872 448 905 511 in
939 449 1070 512 chorum
1103 447 1193 532 quasi
1226 447 1399 512 consociati

272 560 487 642 παρέρχονται
504 555 532 620 οἱ
554 556 613 638 μὲν
635 554 669 620 ἐκ
693 554 848 640 παρόδου,
874 553 904 617 οἱ
926 552 960 617 δὲ
983 552 1066 618 κατὰ
1090 557 1188 636 μέσας
1210 551 1270 628 τὰς
1292 553 1399 639 θόρας

272 668 433 745 βαίνοντες
459 661 492 727 έν
519 663 646 749 ῥυθμῷ.
695 663 822 748 (Athen.
846 663 867 727 lt
890 662 924 746 l.)
972 671 1164 746 Προσωπεῖα
1191 661 1240 725 illi
1272 661 1399 744 quidem

272 792 337 834 non
359 770 534 847 habebant,
562 771 617 834 sed
640 768 741 834 simile
765 769 898 853 aliquid:
936 768 1110 853 προβόλιαν
1133 769 1184 853 (ex
1212 769 1308 851 conj.,
1332 768 1398 832 cod.

272 877 467 962 προπόλιον)
496 874 529 941 δ’
557 875 592 956 ε’·’ξ
619 875 811 960 spaeram)
845 879 1088 961 περιτιθέμενοι
1116 877 1170 938 καὶ
1197 874 1399 960 παιδέριοτας

177 1065 181 1076 Ι
272 981 382 1046 έπόνω
398 983 514 1048 τούτου
538 981 741 1047 ἐπιτίθενται
765 987 801 1047 ut
816 982 928 1047 Samus
952 983 1036 1066 apud
1060 980 1175 1048 Athen.
1190 982 1296 1059 tradit,
1320 1002 1399 1064 quo·

273 1111 344 1153 cnm
360 1083 500 1154 eiusdem
522 1091 740 1155 testimonium
763 1089 994 1173 apudSuidam
1017 1111 1040 1154 s.
1057 1111 1084 1154 v.
1102 1088 1206 1172 Σῆμος
1230 1088 1399 1153 consentit:

273 1194 307 1276 ἒξ
322 1194 482 1281 ἑρπύλλου
497 1199 551 1261 καὶ
566 1196 765 1282 παιδέρωτος
788 1195 922 1261 ἔσκεπον
944 1193 1003 1271 τὰς
1027 1193 1130 1279 ὄψεις,
1154 1218 1219 1259 non
1242 1195 1400 1260 consent't

274 1304 356 1387 apud
379 1303 510 1368 Suidam
532 1328 555 1368 s.
572 1328 601 1370 v.
625 1305 842 1390 φαλλοφόροι·
877 1303 907 1367 οἱ
929 1302 963 1367 δέ
987 1327 1021 1389 φ.
1046 1300 1080 1366 έκ
1103 1302 1221 1386 βύβλου
1245 1301 1402 1387 δέρματος]

271 1408 405 1475 ἔσκεπον
427 1407 619 1494 τός’όψεις,
649 1413 735 1495 quod
758 1411 825 1476 s'ine
849 1412 944 1476 dubio
969 1415 1152 1493 corruptum
1176 1415 1236 1484 est;
1268 1409 1399 1473 namin
1461 1435 1464 1442 ·

272 1517 428 1603 δέρματος
450 1518 531 1581 nihil
555 1518 642 1582 aliud
663 1518 746 1582 inest
770 1539 863 1602 quam
890 1516 1129 1604 [παι]δέριυτος.

362 1626 413 1688 Ex
436 1624 550 1702 verbis,
574 1647 655 1707 quae
679 1626 762 1709 apud
779 1625 979 1690 Athenaeum
1003 1630 1151 1704 extrema,
1174 1619 1244 1688 εἶτα
1269 1628 1399 1708 προτρέ-

275 1754 382 1810 χοντες
412 1731 629 1817 [Casaubouus
662 1733 839 1796 emendavit
873 1755 911 1796 ex
945 1732 1203 1817 προςτρέχοντες]
1233 1729 1400 1808 ἐτώθαζον

274 1829 330 1914 σδς
357 1833 397 1901 δν
423 1838 623 1924 προέλοιντο·
657 1837 768 1924 σχέδην
798 1838 878 1924 [cod.
906 1837 1086 1924 addqv]1⁰)
1115 1837 1148 1901 dd
1176 1835 1343 1922 ἔπραττον.
1382 1821 1419 1898 ό

273 1942 311 2007 δὲ
323 1944 529 2029 φαλλοφόρος
548 1943 728 2028 ἰθυμβίζιον
753 1945 834 2030 [cod.
851 1943 909 2008 ἰθό
933 1943 1084 2031 βαδίζων]
1093 1945 1134 2028 ¹1)
1158 1944 1399 2029 καταπλησθεὶς

346 2157 366 2227 ⁹)
385 2156 588 2226 Phallophoros
611 2151 748 2228 ἕρπυλλον
771 2161 893 2228 gestasse
916 2174 973 2212 non
995 2157 1154 2227 miraberis,
1178 2157 1202 2211 si
1225 2156 1399 2226 comparabis

273 2247 374 2301 Athen.
387 2244 446 2312 XV,
465 2247 500 2300 28
514 2250 561 2316 τῆς
573 2245 603 2300 δὲ
622 2242 759 2318 ἑρπύλλου
778 2249 844 2316 φησλ
858 2243 1036 2318 Θεόφραστος
1054 2241 1104 2316 τὴν
1123 2240 1221 2318 όχρισν
1238 2247 1400 2314 κομίζοντες

273 2332 381 2390 ἐκτῶν
400 2329 494 2407 ἀγρῶν
513 2333 679 2404 φυτεύουσιν
702 2333 733 2391 ἐν
752 2339 876 2391 Σικυῶνι
899 2340 958 2392 κτλ.
979 2340 1007 2392 et
1030 2355 1133 2391 nomen
1155 2335 1401 2405 phallophororum

273 2441 291 2478 a
309 2425 442 2495 Sicyoniis
461 2424 608 2480 inventum
626 2443 686 2480 esse
704 2426 865 2482 memineris
885 2444 938 2482 sec.
959 2425 1099 2481 Sosibium
1123 2425 1198 2495 apud
1217 2427 1318 2480 Athen.
1336 2425 1401 2480 XIV

274 2515 335 2583 (621
354 2516 393 2586 l).

347 2603 379 2674 10)
398 2603 513 2658 Offendo
526 2603 557 2658 in
569 2604 676 2658 tradito
690 2600 803 2673 στάδηνι
833 2608 939 2660 stantes
953 2622 999 2660 eos
1012 2591 1101 2674 egisse
1113 2623 1169 2660 non
1186 2609 1248 2660 erat
1265 2622 1309 2659 res
1326 2605 1402 2659 tanti

273 2693 414 2759 momenti,
434 2697 570 2763 quantum
583 2694 609 2748 ei
621 2692 664 2747 his
678 2693 770 2749 verbis
790 2693 934 2760 tribuitur;
964 2712 1045 2750 sensu
1058 2689 1135 2750 caret
1147 2694 1217 2748 haec
1236 2694 1400 2764 enuntiatio,

274 2782 359 2836 aliam
378 2781 513 2837 desidero.
550 2781 623 2836 Nam
642 2782 666 2836 si
685 2782 722 2836 ad
740 2785 832 2837 totum
854 2783 908 2838 hoc
931 2801 1018 2854 genus
1042 2782 1185 2852 poeticum
1207 2781 1331 2837 animum
1355 2783 1401 2837 ad·

166 2917 171 2926 .
273 2873 419 2942 vestimus,
448 2889 535 2926 unum
558 2871 686 2927 omnibus
710 2872 846 2927 eiusmodi
870 2861 1022 2927 aitificibus
1045 2871 1129 2928 fuisse
1152 2890 1297 2927 commune
1320 2890 1401 2928 nemo

273 2967 330 3016 non
342 2961 427 3031 videt,
441 2963 532 3016 artem
543 2960 605 3016 dico
618 2961 836 3017 autoschediam.
874 2962 1131 3018 Autocabdalorum
1142 2961 1317 3032 potissimum
1329 2961 1402 3016 simi-

273 3049 392 3104 litudine
410 3050 463 3104 hoc
482 3051 609 3120 docetur,
634 3051 668 3105 de
687 3049 787 3120 quibus
807 3067 891 3121 supra
910 3050 1120 3120 disputavimus.
1158 3049 1234 3115 Quae
1252 3069 1342 3120 quum
1359 3050 1402 3106 ita

275 3138 343 3206 sint,
366 3143 460 3193 nostro
479 3157 589 3209 quoque
608 3138 669 3195 loco
687 3139 761 3194 hane
783 3139 1016 3210 significationem
1040 3139 1177 3204 desider0;
1206 3142 1290 3209 atque
1313 3139 1337 3193 si
1359 3157 1401 3209 ea,

275 3246 346 3298 quae
364 3227 486 3283 Sosibius
505 3229 524 3282 1.
537 3228 555 3281 l.
575 3229 608 3283 de
627 3227 820 3283 autocabdalis
839 3229 927 3285 tradit
946 3227 1046 3298 σχέδην
1065 3225 1212 3300 ἐπέραινον
1231 3225 1322 3300 ῥήσεις
1340 3246 1402 3283 curn

274 3317 376 3372 nostris
388 3316 479 3372 verbis
492 3317 665 3388 conferimus,
685 3333 740 3388 qua
753 3334 822 3388 opus
836 3318 872 3373 sit
885 3318 1000 3388 medela,
1020 3317 1137 3372 dubium
1150 3336 1209 3372 esse
1226 3335 1283 3372 non
1300 3321 1401 3387 potest.

275 3406 456 3462 scribendum
469 3410 511 3462 est
525 3405 632 3476 σχέδην,
653 3407 728 3477 quod
740 3406 826 3462 habet
840 3408 957 3462 eandem
974 3407 1208 3478 significationem
1225 3425 1310 3476 quam
1322 3401 1401 3462 αὐτο-

275 3495 383 3566 σχέδην.
404 3527 436 3537 -
457 3495 602 3566 aptissime
619 3495 694 3551 inter
712 3513 740 3550 se
760 3500 953 3566 opponuntur:
977 3514 1081 3551 novum
1098 3496 1231 3565 hymnum
1249 3497 1403 3551 cantabant

274 3603 357 3656 quem
369 3585 437 3640 data
455 3602 541 3654 opera
559 3584 714 3640 didicerant
727 3615 761 3624 -—
775 3603 809 3640 ex
826 3588 952 3656 tempore
971 3584 1126 3640 irridebant
1144 3584 1354 3653 spectatoribus.
1370 3615 1402 3624 -

274 3675 390 3730 Accedit
409 3675 483 3744 quod
500 3675 620 3730 mutatio
639 3674 776 3730 facillima
795 3678 846 3730 est.

347 3766 379 3834 11)
398 3763 529 3818 Traditur
548 3757 595 3817 leb
612 3765 745 3835 βαδιζων,
769 3763 800 3818 in
825 3782 880 3833 quo
903 3763 1022 3818 offendo.
1050 3780 1116 3816 nam
1139 3780 1224 3830 quum
1247 3764 1403 3830 opponatur

275 3849 291 3908 ό
304 3853 334 3908 δὲ
347 3849 527 3924 φαλλοφόρος
539 3851 646 3919 ceteris,
665 3853 773 3923 proprii
785 3853 894 3922 aliquid
907 3870 970 3908 eum
982 3869 1065 3922 agere
1084 3851 1197 3905 solitum
1215 3869 1273 3907 esse
1292 3867 1403 3906 necesse

275 3947 325 3998 est.
346 3975 380 3984 -
399 3941 547 4014 Significat
565 3945 660 3998 autem
679 3935 695 3996 ό
714 3941 744 3996 δὲ
763 3938 943 4013 φαλλοφόρος
961 3941 1019 3995 sine
1038 3940 1124 3995 dubio
1144 3939 1221 3994 chori
1244 3940 1349 3997 ducem.
1369 3972 1402 3983 -

275 4033 375 4089 sedin
403 4032 599 4089 enuntiatione
626 4025 672 4086 ἰθλ
701 4032 824 4104 βαδίζων
851 4030 959 4101 proprii
988 4029 1060 4095 nihil
1086 4029 1167 4085 inest.
1209 4029 1404 4101 Oonjecturam

274 4122 407 4194 proposui
419 4121 574 4194 ἰθυμβῑςιον
588 4140 606 4176 a
618 4122 730 4176 Polluce
749 4120 898 4191 profectus.
935 4119 1035 4174 Pollux
1053 4138 1137 4190 quum
1155 4119 1190 4174 de
1209 4119 1403 4175 saltationibus

275 4216 342 4283 agat
360 4213 416 4284 (IV,
438 4213 501 4282 104)
521 4228 607 4266 unam
625 4211 716 4278 affert,
735 4227 808 4280 quae
827 4211 864 4265 ad
882 4213 992 4264 notrum
1011 4208 1102 4263 locum
1120 4210 1191 4264 bene
1210 4211 1341 4279 quadrat:
1371 4197 1404 4277 ἦν

275 4300 305 4356 δέ
329 4319 390 4356 τινα
413 4303 461 4354 καὶ
480 4293 633 4355 Λακωνικὰ
656 4293 813 4372 ὀρχήματα,
838 4292 883 4353 διὰ
902 4297 1022 4364 Μαλέας.
1039 4329 1077 4366 ⁴-
1098 4329 1131 4338 -
1150 4300 1198 4351 καὶ
1221 4293 1336 4370 ἰθυμβσι
1358 4293 1403 4351 dal
