3258 4794
740 196 1026 288 -39-·

288 369 430 453 sequitur
457 367 541 452 apud
568 369 746 445 Pollucem,
782 364 875 452 dyaoe
907 370 1095 432 mendosum
1123 373 1178 434 est.
1225 368 1310 434 Nam
1338 368 1414 452 quid

289 458 404 558 όφιοςῖ)
428 475 559 540 dubium
576 498 643 540 esse
665 497 731 540 non
753 479 868 559 potest,
892 476 969 560 quin
983 477 1018 540 in
1039 475 1100 540 hoc
1116 498 1242 560 quoque
1258 476 1413 540 vocabulo

287 581 442 668 ὑπόδημα
465 583 516 647 vel
539 583 604 645 tale
627 582 747 666 aliquid
769 582 881 667 lateat3
904 582 939 646 in
961 583 1030 664 ipso
1047 583 1202 647 vocabulo
1226 581 1299 646 talis
1316 582 1414 667 signi·

287 690 393 754 ficatio
418 709 482 753 non
505 688 596 766 inest,
619 711 676 754 nec
698 689 770 754 inde
792 689 863 754 elici
885 694 998 773 potest.
1038 689 1157 774 Scripsi
1179 689 1278 774 igitur
1301 686 1412 776 όρμοό,

289 798 372 881 quod
396 797 567 862 secundum
582 796 735 880 Hesychii
757 797 907 882 glossam,
931 819 1026 882 quam
1049 818 1132 862 nunc
1147 796 1326 862 Rhinthoni
1345 797 1413 860 vin·

288 903 366 982 dico,
390 899 495 967 lorum
517 903 597 967 illud
620 903 792 988 significat,
817 925 879 987 quo
903 904 1026 968 calceus
1049 903 1083 968 in
1105 905 1184 988 pede
1207 903 1413 968 vinciebatur.

289 1009 380 1087 Quod
405 1010 523 1095 optimo
547 1010 587 1073 ad
609 1015 755 1075 nostrum
782 1011 887 1075 locum
911 1012 1057 1094 quadrat:
1085 1011 1175 1075 iuxta
1199 1011 1338 1075 calceum
1366 1011 1413 1074 lo-

287 1140 358 1180 rum
380 1117 488 1182 habes.
686 1131 687 1134 ’

375 1223 569 1288 Rhinthonis
592 1223 760 1309 Iphigenia
774 1223 911 1287 Aulidea
934 1246 1033 1307 aeque
1057 1245 1093 1286 ac
1108 1223 1244 1288 Taurica
1268 1223 1334 1286 sine
1357 1223 1413 1286 du-

288 1332 339 1395 bio
364 1353 401 1395 ex
425 1331 586 1414 Euripidis
610 1329 784 1418 Iphigeniis
808 1331 932 1416 detorta
955 1335 1030 1397 erat.

647 1543 850 1628 Iphigenia
877 1544 1049 1614 Taurica.

842 1676 868 1735 7.

379 1777 458 1842 Poll.
484 1777 554 1855 VH,
580 1784 635 1842 61:
660 1779 714 1841 καὶ
737 1775 835 1852 αιἰός
858 1777 892 1840 dd
915 1775 932 1841 ό
956 1777 1141 1864 φαινόλης
1168 1775 1253 1840 ἔστιν
1281 1774 1313 1840 ἐν
1340 1775 1414 1840 Ῥίν-

291 1889 398 1960 croug
420 1882 625 1971 Ἰφιγενείᾳ
648 1885 693 1970 τῇ
716 1882 752 1949 ἐν
779 1887 954 1970 Ταόροις·

525 1989 630 2070 όχιοοα
653 1990 761 2055 καινὸν
784 1992 941 2078 φαινόλαν
964 1989 1155 2076 κόπαρτίαν.

378 2087 452 2164 Hes.
477 2121 499 2162 s.
524 2121 551 2164 v.
576 2098 783 2184 φαινόλας·
808 2097 845 2162 τό
869 2095 1004 2185 όφαομα
1033 2095 1133 2175 οότιος
1155 2095 1275 2179 ίἔχοισα
1305 2097 1414 2162 καινόν
1454 2180 1456 2188 Ι

290 2205 503 2290 φιιινόλαν’.

381 2313 466 2378 Suid.
495 2336 519 2379 s.
547 2336 574 2379 v.
603 2313 803 2400 φαινόλης·
834 2318 1028 2393 χιτωνίσκος.
1059 2313 1088 2377 οἱ
1116 2312 1150 2377 dd
1176 2313 1314 2377 παλαιοὶ
1343 2311 1413 2399 ἐφε-

290 2415 398 2504 οιρίόα
422 2421 488 2504 (καὶ
510 2420 647 2482 κλίνεται
670 2417 715 2496 εἷς
739 2421 798 2504 oc).
1138 2495 1142 2504 ⁸

380 2525 515 2591 Zonaras
540 2527 740 2613 φαινόλης·
765 2526 862 2606 χιτών
884 2527 1054 2612 ἱερατικός·
1080 2527 1109 2590 οἱ
1133 2527 1167 2591 δὲ
1183 2528 1319 2590 παλαιοὶ
1341 2524 1411 2612 ἔφε-

289 2633 408 2718 οορίόα.
644 2621 646 2626 Χ

380 2739 500 2828 ἕχιοσα]
528 2740 642 2828 ἐχοόοη
672 2743 740 2806 οοό.
768 2748 845 2825 opt.;
874 2741 998 2805 Behker
1021 2741 1159 2805 correxit
1182 2762 1220 2804 ex
1243 2735 1416 2824 Hesychia

380 2848 504 2935 καινόν]
530 2847 642 2914 καινόν
666 2851 746 2925 οοό.;
771 2845 848 2913 corr.
873 2849 1058 2924 Salmasius,
1082 2848 1132 2912 cui
1155 2871 1218 2912 non
1243 2847 1413 2912 assentitur
1461 2880 1464 2886 ·

291 2955 430 3031 Behker;
458 2977 518 3040 ego
547 2956 629 3020 hanc
658 2957 871 3020 coniecturam
895 2955 1106 3038 recipiendam
1130 2978 1196 3019 esse
1224 2960 1318 3037 put03
1346 2977 1413 3017 ma·

289 3062 446 3127 sculinum
463 3063 546 3126 eninr
561 3064 719 3128 indicatur
742 3063 899 3145 praefictis
915 3055 1133 3138 verbis'atztg
1156 3059 1223 3126 όὲὸ
1246 3062 1409 3150 φαινόλης.

291 3171 449 3254 φαινόλαν
478 3176 583 3235 autem
606 3172 709 3235 forma
732 3171 849 3236 Dorica
873 3175 933 3249 est,
961 3194 1056 3255 quam
1079 3193 1143 3235 uon
1166 3176 1256 3254 potes
1279 3167 1343 3234 non
1366 3170 1412 3234 in-

290 3299 407 3354 serere,
435 3300 506 3342 cum
530 3280 695 3361 praecedat
723 3277 843 3358 ἕχιοοα,
873 3280 957 3362 quod
986 3279 1070 3343 idem
1092 3279 1254 3343 Doricum.
1300 3277 1412 3360 ltaque

289 3383 440 3467 Hesychii
463 3385 569 3448 locum
594 3386 727 3449 eundem
750 3386 783 3449 in
806 3386 935 3449 modum
950 3385 1067 3470 redegi,
1091 3390 1128 3449 ut
1143 3385 1313 3448 scriberem
1337 3407 1413 3469 φαι-

289 3491 385 3566 νόλας
412 3513 470 3574 pro
498 3491 614 3555 tradito
643 3492 797 3577 φαινόλα,
832 3493 916 3576 quod
943 3493 994 3555 vel
1023 3495 1170 3555 accentus
1198 3490 1340 3575 requirit.
1370 3527 1413 3538 -

289 3595 377 3659 Num
405 3593 603 3682 κόπαριίαν,
633 3599 813 3663 coniectura
836 3598 896 3662 viri
920 3597 1004 3662 docti
1032 3596 1191 3674 Meinehe,
1218 3601 1338 3660 rectum
1362 3597 1413 3673 sit,

291 3724 356 3765 non
380 3701 628 3782 diiudicaverim;
652 3705 804 3769 traditum
828 3702 997 3789 κόνιαρτίιο
1021 3727 1115 3767 sensu
1139 3709 1229 3768 caret.

378 3809 427 3872 De
452 3811 607 3876 sentencia
630 3836 739 3877 versus
763 3813 920 3896 disputavi
945 3833 1017 3896 pag.
1037 3819 1076 3874 29
1095 3834 1141 3895 sq.
1180 3811 1229 3874 De
1255 3833 1291 3874 eo
1318 3811 1412 3874 vesti-

290 4043 415 4111 rerbinm
437 4061 536 4112 natum
555 4061 596 4112 est
614 4059 773 4126 Κολοφῶνα
792 4055 945 4112 ἐπιτιθέναι
964 4059 982 4113 i.
1003 4076 1024 4113 e.
1045 4077 1103 4114 rem
1124 4058 1248 4128 aliquam
1271 4058 1307 4111 ad
1329 4058 1413 4112 finem

289 4147 457 4217 perducere).
495 4147 566 4212 Quid
595 4147 710 4214 mirum,
738 4148 811 4216 quod
835 4148 980 4204 Tarentini
1003 4166 1020 4201 a
1043 4146 1221 4218 Colophoniis
1250 4141 1413 4214 όνιοόίματα

289 4232 459 4303 Κολοφώνιοι
476 4236 596 4290 mutuati
616 4239 699 4290 suut‘?
