3258 4794
728 209 780 286 ,ζ
810 247 849 304 47
899 279 942 286 .-

269 416 404 502 ἐτιιτορολ
429 416 519 504 νταροὶ
537 418 704 502 Σιμωνίδῃ.
744 416 822 482 ἔνιοι
846 416 904 504 τὰς
926 417 1082 504 μάνδρας·
1106 414 1239 481 Ῥίνθων
1254 419 1308 481 καὶ
1335 417 1392 502 τὴν

269 522 418 608 οὐρανίαν
440 523 512 611 ίριν.

358 631 463 696 Nobis
485 637 610 696 tantum
634 633 672 696 de
699 637 839 700 extrema
861 630 1009 696 vocabuli
1024 631 1168 718 κοίρκαρα
1185 630 1394 715 explicatione

270 739 426 823 agendum
443 745 503 815 est3
521 740 606 823 quod
623 741 757 804 coniecit
771 738 1007 823 Bemhardyius
1022 735 1154 801 Ῥίνθων
1162 739 1217 801 καὶ
1230 736 1288 824 τὴν
1302 736 1394 823 αίρα-

269 850 337 908 νίαν
358 842 422 929 ίριν
445 868 509 910 non
533 847 637 910 solum
659 847 803 930 proxime
827 847 866 910 ad
882 868 919 908 ea
935 867 1016 930 quae
1039 845 1156 910 tradita
1176 850 1250 910 sunt
1265 846 1395 922 accedit,

269 953 323 1017 sed
347 954 442 1018 etiam
465 954 504 1017 ad
528 954 660 1018 alteram
684 953 926 1036 explicationem
947 950 988 1015 τὰ
1013 952 1146 1016 ποικίλα
1169 951 1209 1037 τῇ
1238 948 1315 1036 ὄψει
1339 974 1394 1036 op·

268 1060 344 1124 time
372 1061 532 1139 convenit,
560 1083 634 1125 nam
662 1059 725 1145 ίρις
748 1040 802 1124 οολΙ
818 1060 948 1145 ποικίλη
971 1059 1012 1144 τῇ
1040 1057 1126 1143 ὄψει..
1173 1059 1285 1144 Itaque
1313 1059 1395 1124 hanc

271 1168 484 1232 coniecturam
508 1174 625 1232 certam
650 1169 752 1232 dicere
775 1190 837 1233 non
862 1167 982 1232 dubito.

637 1333 641 1344 ’
740 1321 743 1325 ’
788 1329 874 1393 *22.

357 1435 494 1520 Hesych.
518 1458 541 1501 s.
566 1460 594 1502 v.
618 1435 760 1512 λόνιίις·
785 1436 980 1518 βωμολόχος,
1004 1434 1106 1523 ε’ίρων.

357 1542 471 1607 Glossa
494 1543 629 1607 barbara
654 1544 823 1607 admodum
845 1542 924 1606 mihi
946 1543 1071 1607 videtur
1094 1565 1174 1621 csse,
1202 1565 1304 1627 neque
1328 1544 1393 1608 scio

269 1671 325 1712 cur
351 1649 529 1714 Rhinthoni
556 1650 714 1716 tribuatur
742 1646 792 1715 ab¹
810 1649 962 1735 Hesychii
991 1650 1123 1727 editore3
1156 1673 1258 1734 neque
1290 1651 1392 1716 lucem

273 1755 363 1819 affert
386 1756 503 1821 Pollux
526 1755 581 1835 Vl,
607 1763 669 1822 122
695 1757 814 1860 ίίόλαξ,
838 1757 1026 1842 βωμολόχος
1048 1756 1194 1842 είρωνίί)

806 1925 857 1984 23.

357 2024 493 2108 Hesych.
510 2048 533 2091 s.
549 2047 577 2089 v.
594 2025 778 2110 περαίνην·
796 2024 949 2111 ὄιίρρωνα
964 2022 1104 2088 Ῥίνθων.
1121 2046 1138 2088 e
1154 2023 1233 2089 coni.
1248 2024 1393 2090 Meineke

269 2129 428 2215 Philolog.
451 2131 537 2208 XIII,
561 2153 632 2217 pag.
658 2138 730 2197 513.

774 2332 776 2336 ·
806 2300 856 2358 24.

355 2398 431 2464 Hes.
455 2422 478 2464 s.
501 2423 529 2464 v.
553 2400 668 2463 σάλιο-
693 2397 783 2486 οἷρκεῐ
805 2399 895 2484 νταρόι
919 2397 1072 2463 Ῥίνθωνι.

554 2506 680 2590 οαλιᾷ·
705 2503 801 2590 α’ρκεῖ.

355 2609 460 2675 Unam
484 2611 624 2696 glossam
647 2611 813 2676 habemus!

354 2716 456 2782 Valde
471 2719 588 2782 amidet
602 2700 681 2782 mihi
696 2717 893 2803 Bernhardyi
908 2720 1087 2784 coniectura
1106 2720 1146 2782 ad
1169 2718 1253 2783 hunc
1276 2719 1392 2796 locum,

268 2845 363 2907 quam
387 2825 427 2888 ad
442 2824 572 2888 Suidam
595 2848 618 2890 s.
633 2847 662 2890 v.
685 2821 817 2888 Ῥίνθων
839 2826 1018 2909 proposuit:
1042 2826 1156 2911 Σαλίᾳ·
1182 2822 1276 2911 ἅρκύι
1299 2825 1391 2910 παρὰ

265 2927 408 2994 Ῥίνθωνι
433 2931 593 3014 profectus
622 2931 661 2994 ab
691 2932 791 2996 altera
814 2932 967 3016 Hesychii
990 2934 1099 3017 glossa
1122 2933 1236 2996 Σαλία·
1260 2933 1391 3016 πλέγμα

267 3037 404 3122 καλάίίιμ
429 3035 540 3120 ὅμοιον
563 3036 580 3102 ὃ
603 3036 660 3102 ἐντὶ
682 3038 739 3123 τῆς
762 3039 903 3124 aemulis
927 3041 1079 3126 φοροῦσιν
1102 3039 1135 3104 αἱ
1158 3040 1329 3104 Λοίκαιναι.

804 3189 855 3246 25.

355 3287 491 3372 Hesych.
507 3311 530 3354 s.
544 3311 572 3352 v.
597 3287 791 3374 οοίννορος·
807 3287 914 3374 μωρὸς
930 3288 1021 3376 παρὰ
1038 3287 1182 3353 Ῥίνθωνι
1202 3295 1398 3376 Ταραντίνῳ.ἡ

355 3394 490 3459 Photius
513 3393 629 3459 οοίννάν
653 3396 723 3481 (sic)
747 3395 802 3461 τὸν
824 3397 947 3482 μῶρον·
970 3397 1131 3462 Porsonus
1152 3398 1254 3461 editor
1276 3397 1391 3460 οοὶννίιν

267 3557 485 3638 compendium
509 3578 576 3620 esse
599 3579 656 3639 pro
680 3529 792 3622 edwii
807 3558 963 3642 opinatur.
1002 3558 1137 3622 Photius
1160 3559 1299 3643 glossam
1316 3558 1391 3622 Gra·

267 3661 333 3725 tino
357 3662 477 3741 tribuit,
500 3665 582 3728 unde
598 3668 709 3729 nostro
724 3687 850 3749 quoque
870 3666 942 3730 loco
958 3687 1016 3749 pro
1036 3649 1215 3750 Ταραντίνῳ
1232 3664 1390 3754 Sopingus

268 3772 412 3853 Κρατίνῳ
436 3769 582 3848 coniecit;
608 3793 674 3835 non
697 3793 776 3855 opus
801 3793 868 3835 esse
892 3772 1072 3835 coniectura
1097 3773 1241 3855 equidem
1270 3794 1390 3837 censeo,

354 3874 479 3940 Lobeck
502 3876 599 3940 Proll.
623 3899 694 3962 pag.
713 3882 773 3940 271
799 3877 872 3941 inde
896 3899 952 3942 suo
976 3878 1043 3942 iure
1064 3883 1240 3964 Σαννυρίων
1255 3877 1390 3943 deducit.

354 3983 426 4047 Huc
450 4005 576 4068 quoque
599 3985 755 4067 pertinere
779 3968 893 4067 opinor
916 3984 1099 4049 Latinorum
1122 3983 1246 4062 ‘sanna
1270 3985 1389 4063 sennia,

385 4087 407 4110 a

268 4112 394 4154 saunari
410 4141 415 4153 .

355 4284 389 4353 ⁴⁴)
408 4283 547 4340 Asterisco
567 4284 663 4338 notavi
681 4285 753 4340 hanc
771 4287 904 4356 glossam,
925 4286 990 4355 quia
1009 4287 1103 4356 spuria
1121 4286 1232 4342 videtur
1250 4306 1317 4355 esse.
