3258 4794
678 251 900 306 -25.„

225 427 354 506 propter
377 421 545 486 mollitiem
569 425 600 484 et
623 421 781 484 luxuriam
809 420 940 486 famosa.
986 420 1130 505 'legebat
1159 425 1265 485 autem
1292 423 1352 485 hcc

225 529 447 593 vestimentum
461 535 568 594 totum
584 550 712 612 corpus,
743 528 852 611 itaque
875 550 939 592 non
963 528 1066 592 solum
1091 551 1128 592 ex
1153 529 1274 593 braccis
1298 531 1352 592 sed

226 637 322 700 etiam
338 636 465 700 chitone
480 636 638 700 manicato
655 635 833 711 constabat3
866 641 962 718 atque
977 637 1039 700 hoc
1054 635 1131 720 ipsis
1154 636 1237 700 vasis
1259 636 1352 720 pictis

227 744 459 826 comprobatur.
514 741 599 806 Nam
632 741 810 824 ubicunque
841 741 874 805 id
907 741 1197 832 animadvertimus,
1230 765 1352 827 semper

226 850 356 914 braccae
373 850 483 914 eodem
499 872 628 932 prorsus
644 850 738 912 modo
754 849 857 932 pictae
874 854 948 913 sunt
968 871 1032 932 quo
1055 851 1204 914 manicae.
1245 851 1352 933 Atque

226 957 361 1020 maxime
384 957 446 1020 hoc
469 957 593 1038 patebit
614 979 652 1020 ex
676 977 712 1019 ea
735 955 867 1038 pictura
892 978 987 1039 quam
1010 957 1073 1022 tab.
1097 955 1155 1034 lx,
1182 961 1221 1021 15
1247 957 1352 1041 posuit

227 1063 452 1128 Wieselerus.⁴
484 1061 590 1126 Primo
624 1063 739 1126 obtutu
771 1061 910 1125 manicas
943 1063 1135 1147 braccasque
1168 1087 1205 1128 ex
1243 1065 1352 1128 eadem

227 1171 360 1235 materia
384 1171 527 1234 confecta
551 1192 617 1234 esse
641 1169 770 1235 videbis,

315 1277 391 1342 Non
415 1278 530 1342 iniuria
558 1277 657 1362 igitur
680 1277 874 1341 Wieselerus
903 1279 936 1340 in
963 1278 1059 1356 libro,
1088 1279 1143 1362 qui
1171 1279 1352 1344 inscribitur

226 1382 307 1448 ‘Das
335 1382 523 1469 Satyrspiel’
552 1385 571 1448 l.
601 1385 621 1448 l.
651 1385 836 1468 ancxyrides
865 1407 938 1448 cum
966 1407 1002 1449 eo
1031 1407 1146 1471 genere
1174 1387 1352 1452 vestimenti

226 1493 361 1558 scaenici
384 1497 560 1575 comparat,
589 1492 673 1574 quod
702 1493 785 1575 apud
813 1514 871 1556 nos
894 1489 1033 1557 ‘Tricot’
1063 1493 1185 1557 dicitur.
1232 1493 1352 1558 Tamen

226 1600 286 1663 hoc
302 1600 525 1663 vestimentum
546 1598 667 1662 duabus
691 1598 896 1681 expertibus
920 1605 1062 1664 constare
1085 1622 1149 1664 non
1172 1603 1352 1685 negandum

227 1711 287 1782 est;
318 1729 392 1769 nam
421 1729 458 1770 ex
488 1705 603 1770 Suidae
633 1706 741 1790 glossa
768 1729 791 1771 s.
820 1729 847 1770 v.
877 1703 1081 1791 ἀναξυρίδας·
1115 1708 1241 1792 (omitto
1271 1731 1351 1792 quae

227 1814 307 1877 nihil
318 1814 357 1877 ad
371 1814 451 1898 rem)
468 1810 628 1897 rainucci
647 1813 824 1898 [emendavi
840 1835 877 1877 ex
894 1814 1024 1900 καίπερ]
1043 1815 1088 1899 aqi
1099 1814 1253 1899 θεοὸοαίῳ
1269 1813 1350 1878 ἐκλε-

226 1921 358 2001 λυμένον
373 1916 561 2000 τὸνὶμοίντα
576 1917 632 1984 τὸν
647 1918 732 2006 ἀμφὶ
748 1919 788 1982 τὰ
814 1919 919 1984 αἰδοῖα
943 1919 1001 1996 τὰς
1024 1918 1217 2008 οἶναξορίόας
1241 1921 1350 1986 δέοντα

226 2051 305 2092 zona
329 2028 445 2092 cinctas
467 2027 565 2092 fuisse
589 2028 774 2111 anaxyrides
798 2026 936 2114 περὶτὰ
961 2027 1067 2092 αἰδοῖα
1097 2035 1241 2114 apparet;
1274 2053 1351 2114 quo·

227 2157 296 2198 cum
314 2135 393 2198 bene
410 2135 556 2219 congruit
573 2157 609 2199 ea
631 2135 762 2217 pictura,
786 2158 882 2220 quam
905 2137 967 2200 tab.
985 2134 1040 2213 lx,
1065 2144 1082 2200 5
1107 2137 1214 2221 posuit
1231 2137 1351 2202 Wiese-

226 2243 318 2307 lerus.
365 2242 530 2306 Comastae
547 2242 640 2318 enim,
664 2264 743 2324 quos
759 2242 803 2305 ibi
822 2242 1110 2322 animadvertimus
1133 2267 1205 2308 cum
1228 2249 1352 2328 praeter

226 2349 411 2432 anaxyrides
435 2349 524 2412 nullo
553 2349 741 2413 vestimento
770 2349 872 2413 induti
900 2351 975 2426 sint,
1003 2351 1040 2414 fit
1070 2356 1106 2414 ut
1133 2373 1244 2415 zonam
1271 2375 1351 2436 ¹quo·

226 2478 286 2538 que
310 2455 527 2538 adspiciamus.

315 2561 421 2647 Atque
445 2563 506 2626 hoc
530 2583 630 2646 genus
657 2563 836 2627 vestimenti
865 2565 896 2628 in
927 2570 994 2629 arte
1023 2567 1142 2630 comica
1164 2567 1277 2632 ltaliae
1304 2568 1351 2631 in-

225 2669 348 2732 ferioris
371 2669 467 2738 fuisse
490 2669 732 2736 usitatissimum
756 2677 787 2734 et
811 2673 901 2755 quasi
925 2672 1120 2756 legitimum,
1148 2675 1231 2738 vasis
1259 2676 1351 2757 pictis

225 2777 450 2861 comprobatur
476 2777 529 2855 iis,
562 2778 600 2841 de
628 2778 743 2861 quibus
772 2801 867 2861 supra
895 2780 992 2843 verba
1024 2780 1163 2844 fecimus.
1216 2781 1351 2846 Athenis

226 2905 350 2967 quoque
374 2884 470 2947 tuisse
497 2885 531 2947 in
558 2907 618 2949 usu
646 2887 680 2949 in
707 2908 820 2950 scaena
848 2910 912 2951 non
941 2893 988 2951 est
1016 2889 1100 2971 quod
1129 2911 1351 2972 supponamus

226 3011 415 3072 quamquam
439 2991 472 3052 in
497 3013 532 3052 ea
555 3013 681 3069 scaena,
710 3015 790 3075 quae
814 3017 853 3056 ex
876 2993 1100 3078 Aristophanis
1124 2995 1223 3060 itanis
1252 2997 1353 3079 petita

226 3101 282 3173 est,
305 3095 388 3159 idem
411 3096 634 3160 vestimentum
659 3099 943 3164 animadvertimus.
989 3100 1172 3165 Tenendum
1198 3103 1280 3166 eninr
1304 3108 1351 3166 est

224 3226 288 3278 vas,
311 3206 344 3266 in
368 3225 429 3285 quo
455 3225 490 3266 ea
515 3225 626 3266 scaena
649 3205 773 3288 depicta
797 3211 853 3283 est,
879 3207 912 3269 in
935 3207 1004 3288 ipsa
1026 3207 1119 3272 ltalia
1143 3209 1262 3272 facturn
1286 3231 1352 3273 esse

225 3315 319 3393 atque
343 3315 443 3374 artem
466 3310 611 3374 Italicam
635 3334 710 3394 prae
734 3334 767 3376 se
789 3312 879 3376 ferre.

250 3503 252 3506 Ι
313 3417 376 3482 Sed
398 3418 436 3481 de
460 3417 520 3480 hoc
543 3418 732 3500 vestimento
756 3420 900 3502 quaestio
926 3423 1065 3484 nondum
1094 3424 1133 3484 ad
1162 3423 1255 3486 finem
1283 3446 1353 3506 per-

223 3525 315 3588 ducta
339 3530 393 3589 est.

312 3631 396 3696 Nam
420 3634 452 3696 id
479 3633 714 3712 vestimentum,
743 3635 828 3718 quod
855 3643 1044 3721 Ταραντῖνον
1072 3637 1186 3700 dicitur
1214 3661 1233 3701 a
1256 3637 1348 3702 Semo

224 3738 316 3802 Delio
341 3741 438 3823 (apud
463 3740 578 3804 Athen.
602 3764 631 3822 p.
651 3741 727 3825 622)
752 3745 784 3805 et
808 3742 847 3805 ab
871 3741 1032 3824 Hesychio
1057 3765 1083 3805 s
1104 3764 1131 3805 v.
1152 3751 1351 3828 Ταραντῖνον,

228 3845 461 3931 Ταραννινίὸιον
489 3852 594 3910 autem
623 3871 641 3910 a
669 3848 800 3912 Polluce
830 3847 900 3932 (IV,
931 3854 992 3912 104
1025 3854 1056 3912 et
1082 3847 1158 3928 Vll,
1189 3852 1243 3935 76)
1271 3853 1352 3916 nihil

224 3954 399 4017 aliudesse
427 3954 531 4018 iudico
560 3960 655 4037 atque
684 3955 870 4038 anaxyrides
899 3960 1031 4019 nostras.
1080 3955 1174 4021 Cuius
1203 3960 1248 4022 rei
1275 3961 1352 4025 haec

225 4061 327 4124 habeo
350 4061 478 4125 indicia:
511 4062 616 4125 omnia
640 4084 722 4145 quae
745 4062 783 4124 de
806 4060 1029 4127 Tarentinidiis
1053 4065 1234 4143 traduntur,
1258 4069 1352 4134 etiam

226 4168 265 4230 de
288 4167 512 4248 anaxyridibus
541 4169 682 4251 profiteri
710 4190 884 4250 possumus.
932 4171 1039 4253 Atque
1068 4171 1106 4234 de
1129 4170 1351 4243 Tarentinidiis

225 4274 302 4338 haec
325 4273 478 4336 habemus
502 4275 684 4338 testimonia
